3400 5274
281 227 332 304 42
533 201 536 208 ’
597 226 745 292 Pipatltcbe
763 223 910 282 Abccdttau
929 239 988 282 rena
1007 221 1049 282 28.
1070 229 1139 294 Sept
1160 229 1235 282 18⁸0.

282 431 397 516 menter
425 415 610 506 attollimus,
640 443 675 487 ac
705 443 809 490 omncs
837 423 969 490 nefarios
996 424 1218 520 scurilegosqaa
1243 425 1375 490 eiusdem
1407 427 1498 508 Regis
1526 432 1556 490 et

281 511 425 596 Gubernii
446 551 539 596 ausus
561 531 767 613 reprobamus,
787 535 963 615 penitusque
987 529 1168 607 damnamus,
1191 551 1351 616 omnesque
1369 539 1452 607 actus
1466 530 1555 616 plane

280 637 384 704 nullos
415 647 445 704 et
467 637 570 704 irritos
594 637 788 717 declaramus,
820 629 1017 712 decernimus,
1040 658 1076 702 ao
1098 638 1206 718 civilis,
1229 659 1286 721 quo
1308 640 1438 704 Romane
1462 640 1555 722 pollet

279 743 426 826 Ecclesia,
447 746 632 830 principatus
655 749 865 828 integritatem,
888 737 1008 828 eiusque
1030 748 1105 821 lura,
1128 765 1201 828 quac
1223 745 1273 812 ad
1276 763 1377 808 omncs
1394 745 1555 810 catholicos

280 856 439 935 pertinent,
453 854 544 918 etiam
559 861 647 937 atque
662 853 750 916 etia'm
765 852 970 933 reclamamus,
985 859 1015 916 et
1029 852 1191 916 reclamare
1204 871 1352 934 nunquam
1368 851 1554 919 desistemus.

370 941 481 1024 Verum
503 957 693 1025 dissimulare
715 978 776 1024 non
793 947 969 1043 'possumus
991 960 1183 1043 venerabiles
1203 958 1334 1036 Eratres,
1358 979 1474 1024 summa
1488 961 1553 1026 Nos

280 1065 408 1150 opprimi
428 1063 637 1144 amaritudine,
675 1087 740 1132 cum
764 1068 795 1130 in
818 1075 879 1130 tam
902 1068 1031 1130 scelesta
1053 1076 1083 1130 ct
1104 1074 1250 1149 nunquam
1273 1069 1349 1129 satia
1370 1066 1556 1133 exsecranda

279 1172 472 1256 aggressione
493 1171 586 1242 alieni
603 1173 710 1238 auxilii
732 1193 829 1255 opem,
853 1177 945 1236 variis
961 1177 1076 1238 exortis
1098 1155 1329 1246 difficultatibus,
1352 1158 1446 1236 adbuc
1468 1173 1554 1242 desi-

164 1268 170 1279 ’
279 1280 428 1356 daremus.
461 1280 606 1364 Equidem
635 1281 812 1344 notissimae
841 1281 936 1343 Vobis
967 1287 1038 1346 sunt
1068 1279 1191 1344 iteratae
1220 1280 1436 1344 declarationes
1458 1279 1555 1346 Nobis

279 1387 375 1454 iactae
395 1387 431 1450 ab
447 1381 505 1458 uno
519 1404 560 1449 cx
582 1375 801 1468 potentissimis
825 1386 963 1470 Europae
978 1385 1176 1468 Principibus.
1199 1386 1337 1449 Attamen
1353 1385 1422 1452 duum
1437 1386 1554 1452 illorum

278 1493 391 1556 iamdiu
414 1501 604 1580 expectemus
628 1489 773 1572 effectum,
793 1513 854 1556 non
877 1513 1043 1576 possumus·
1059 1513 1119 1557 non
1143 1493 1331 1556 vehementer
1345 1494 1415 1574 angi
1431 1511 1465 1554 ao
1481 1514 1554 1574 per-

279 1601 393 1666 turbari
416 1619 481 1664 cum
503 1582 697 1686 inspiciamus
721 1600 866 1664 neiandac
888 1602 1091 1685 usurpationis
1114 1608 1250 1664 auctores
1273 1600 1461 1682 fautoresque
1477 1601 1554 1664 eud-

279 1715 362 1792 auter
384 1695 603 1790 insolenterque
625 1709 656 1770 in
678 1707 794 1772 aesario
817 1710 1050 1789 suopropoaito
1073 1710 1235 1788 persistere
1250 1724 1284 1768 ac
1299 1710 1450 1788 progredi,
1473 1714 1554 1770 tam-

280 1834 365 1899 quam
388 1823 469 1890 certo
493 1814 675 1888 confidentes
698 1815 846 1878 neminem
869 1813 927 1876 sibi
951 1832 1057 1895 reapse
1080 1812 1241 1877 adversari.

368 1919 453 1984 Haeo
476 1903 580 1988 autern¹
595 1922 774 2003 peruersitas
796 1937 833 1982 eo
856 1920 985 1994 devenit,
1009 1928 1039 1982 ut
1060 1917 1220 1982 hostilibus
1233 1916 1392 2002 'subalpini
1404 1923 1554 1986 exercitus

279 2026 374 2110 copiis
397 2027 435 2092 ad
456 2032 573 2095 moenia
596 2029 657 2091 iero
679 2026 768 2113 hujus
790 2028 886 2092 almae
909 2025 1037 2090 Nostrae
1068 2028 1150 2090 urbis
1173 2029 1326 2098 immissis,
1359 2045 1554 2110 quaecumque

277 2134 368 2200 inerit
389 2136 540 2218 implicata
563 2134 797 2206 communicatio,
821 2131 958 2216 publicae
981 2138 1170 2216 priuataeque
1192 2135 1324 2198 rationes
1346 2133 1377 2196 in
1393 2133 1555 2198 discrimen

277 2243 429 2322 adductae,
448 2246 632 2334 commeatus
654 2239 822 2322 intercepti,¹
842 2249 881 2320 ct,
906 2239 983 2324 quod
999 2241 1210 2322 grauissimum¹
1227 2247 1283 2319 cst,
1308 2243 1446 2304 Summus
1458 2243 1554 2305 totius

277 2350 427 2414 Ecclesiae
456 2349 597 2413 Pontifex
627 2353 657 2412 iu
687 2348 843 2412 molestam
875 2349 1013 2411 redactus
1044 2347 1249 2412 difficultatem
1281 2346 1429 2437 Ecclesiae
1460 2353 1555 2430 ipsius

275 2456 415 2538 negotiis,
439 2465 528 2537 prout
550 2451 762 2538 roapcstolat,
786 2455 969 2524 consulendi.
993 2453 1229 2536 proptereaqnod
1245 2453 1374 2517 monimo
1390 2461 1556 2518 coarctetur

276 2563 325 2648 via
344 2582 424 2654 ,cum
459 2567 551 2626 uariis
585 2563 672 2626 orbis
702 2564 836 2644 pertibus
871 2561 1119 2628 communicandi.
1164 2556 1365 2640 Quamobrem
1399 2565 1431 2623 in
1466 2563 1556 2624 tantis

274 2669 398 2736 Nostris
413 2669 564 2760 angustiis,
588 2677 727 2752 tantoque
741 2675 839 2734 rerum
855 2665 1027 2731 discrimine
1043 2665 1089 2730 rel
1103 2663 1194 2732 iacile
1209 2665 1386 2749 intelligitis,
1411 2667 1552 2732 Venera-

276 2779 350 2850 biles
372 2776 503 2851 Eratrcs,
537 2775 602 2840 Nos
625 2780 707 2840 tristi
728 2776 906 2840 necessitate
929 2795 964 2838 eo
988 2779 1047 2838 iam
1070 2774 1163 2838 ierme
1185 2770 1325 2857 impelli,¹
1344 2784 1375 2836 ut
1397 2769 1449 2847 vol¹
1469 2777 1556 2842 inriti

276 2888 411 2968 cogitare
433 2883 593 2950 debeamus
616 2885 651 2950 do
674 2891 840 2968 opportuno
860 2859 1049 2966 suscipiendo
1072 2882 1199 2946 consilio
1224 2880 1263 2946 ed
1283 2883 1429 2986 Nostram
1453 2881 1558 2964 digni·-¹

275 3000 369 3058 tatem
393 2991 540 3059 tuendam

365 3089 507 3171 Interim.
524 3101 675 3164 abstinero
712 3119 770 3175 non
809 3069 1003 3181 possumus,
1019 3056 1089 3179 quin
1125 3103 1243 3178 practer
1274 3061 1333 3158 alia
1366 3096 1555 3176 deploremus

276 3207 428 3272 inuestem
456 3226 490 3274 ac
521 3207 722 3290 perniciosum
745 3207 933 3287 principium,
968 3203 1046 3286 quod
1068 3210 1175 3266 vocant
1196 3201 1234 3266 do
1255 3221 1314 3282 non
1336 3199 1517 3266 Interocutu
1539 3222 1556 3264 a

280 3299 464 3402 quibusdam,
478 3315 637 3380 Guberniis
660 3313 736 3376 baud
760 3316 801 3392 ita
824 3311 950 3394 pridem,
974 3313 1082 3374 ceteris
1102 3308 1307 3382 tolerantibus,
1330 3305 1555 3392 proclamatum,

275 3431 305 3488 et
335 3421 500 3488 adhibitum
533 3422 622 3486 etiam
655 3439 723 3506 cum
753 3419 790 3482 de
822 3420 929 3480 iniusta
951 3415 1076 3480 alicuius
1101 3416 1246 3480 Gubernii
1267 3424 1371 3507 contra
1393 3415 1475 3480 aliud
1497 3437 1556 3500 ag-

276 3531 435 3612 gressione
459 3537 581 3622 agatur:
618 3533 659 3616 ita
683 3533 714 3590 ut
737 3525 878 3608 qrraedam
892 3521 993 3592 ‚veluti
1015 3521 1176 3604 impunitas
1198 3541 1233 3584 ac
1254 3522 1375 3614 licentia
1396 3522 1556 3604 impetendi

275 3655 310 3700 ac
334 3635 495 3719 diripiendi
525 3617 660 3700 aliena
650 3653 723 3711 rura,
756 3630 964 3714 proprietates,
995 3648 1030 3693 ac
1053 3630 1181 3694 ditiones
1203 3634 1288 3712 ipsas
1311 3609 1416 3692 contra
1438 3630 1554 3695 diuinus

275 3744 478 3841 humanasque
485 3743 568 3822 leges
585 3743 696 3804 sancire
687 3739 864 3814 videatur3
889 3736 1135 3820 quemadmodum
1148 3738 1282 3800 luctuosa
1302 3735 1357 3798 bac
1379 3736 1556 3819 tempestato

277 3852 425 3916 cernimus
449 3853 579 3913 evenire.
626 3849 663 3910 Et
683 3845 851 3908 mirandum
854 3843 1021 3950 proiecto,
1046 3843 1124 3925 quod
1147 3845 1200 3910 uni
1222 3839 1386 3922 subalpina
1403 3843 1554 3918 Gubernin

277 3963 398 4042 impunc
427 3957 516 4020 liccat
546 3955 693 4019 eiusmodi
715 3953 894 4035 principium
925 3953 1077 4033 despicere
1099 3969 1135 4012 ac
1157 3949 1288 4028 uiolare,
1313 3952 1378 4026 cum
1402 3945 1554 4014 rideamus

275 4073 391 4149 ipsum
403 4066 562 4130 hostilibus
597 4067 662 4125 suis
693 4062 797 4143 copiis,
829 4063 968 4122 universo
995 4057 1114 4137 Europa
1144 4057 1338 4136 inspectante,
1379 4057 1409 4118 ia
1441 4055 1553 4118 alienus

277 4174 408 4256 ditiones
438 4175 611 4266 irrumpere,
642 4170 852 4258 legitimosque
880 4185 917 4228 ex
947 4161 1011 4228 illis
1042 4163 1199 4242 Principes
1222 4161 1396 4224 extruebare:
1429 4173 1465 4224 ex
1497 4183 1554 4244 qoo

276 4280 442 4384 pernicioso
465 4280 671 4358 consequitur
678 4273 859 4351 absurditas,
893 4269 1021 4334 alienum
1052 4288 1157 4358 nempe
1180 4271 1377 4330 interventum
1401 4268 1554 4332 dumtaxat

275 4388 392 4456 admitti
415 4387 453 4450 ad
474 4385 667 4450 rebellionem
689 4378 890 4446 suscitandam
909 4387 1000 4461 atquo
1022 4375 1187 4440 forandam

365 4495 445 4560 Hinc
467 4497 563 4558 autem
587 4499 752 4573 opportuna
780 4484 877 4552 Nobis
901 4487 995 4552 oritur
1018 4475 1138 4550 occasio
1161 4451 1315 4547 excitandi
1332 4500 1437 4544 omncs
1453 4481 1553 4544 Euro-

276 4625 332 4687 pae
355 4603 517 4683 Principes,
550 4607 581 4663 ut
611 4618 666 4681 pro
695 4602 832 4687 spectata
863 4595 998 4676 ipsorum
1028 4589 1145 4682 consilii
1174 4587 1335 4670 grauitatao
1358 4593 1387 4650 et
1409 4589 1554 4668 snpientia

278 4709 355 4776 serio
378 4706 562 4792 perpendant
593 4723 664 4789 quae
688 4710 851 4786 quantaque
874 4701 953 4764 mala
973 4701 1004 4763 in
1027 4669 1209 4774 detestabili,
1241 4713 1330 4777 quem.
1348 4693 1554 4769 lamentamur,

278 4826 385 4888 euentu
405 4812 610 4882 cumulentur.
655 4811 762 4895 Agitur
792 4807 872 4874 enim
907 4806 945 4871 dc
978 4805 1099 4871 immani
1133 4798 1303 4881 violatione,
1341 4819 1414 4883 quac
1450 4807 1554 4871 conus
