3426 5268
236 207 315 286 332
545 206 680 266 maenaa
695 206 784 274 i’apre
798 205 840 262 i’ia
857 203 900 264 it.
919 206 946 262 ai.
968 205 1008 261 ltu
1020 203 1104 266 λΙιιιι.
1122 203 1200 261 lsai.

236 403 286 468 iae·
285 404 415 489 pcata,
441 407 498 470 aut
519 413 598 488 quae
618 403 751 471 societas
771 401 835 470 luet
853 402 897 468 cd
919 401 1083 470 tenebrae!
1117 401 1207 478 Quae
1228 405 1330 468 autem
1352 402 1515 469 ementis

234 424 353 558 Gbrfati
373 493 415 556 od
438 491 566 558 Belsult
583 490 617 576 1)

326 581 385 666 (ι)
410 577 477 661 Οιιι
499 585 592 664 igitur
613 580 762 665 probitate
783 537 1019 664 perturbatores,
1057 565 1086 646 et
1108 582 1265 646 seditionis
1285 584 1402 664 patroni
1425 600 1529 646 suam¹

235 689 338 740 rocem
359 674 500 735 attollunt
522 673 560 734 ad
583 671 810 753 exaggerandos
831 681 955 736 conatus
978 673 1090 736 frustra
1112 673 1150 735 ab
1173 674 1250 754 ipsis
1280 671 1446 749 adbibitus,
1478 677 1512 735 ut

236 779 270 825 ee
292 778 358 824 anm
381 759 515 826 Romano
537 760 681 826 Pontibus
702 763 897 842 componant?
941 761 1001 824 Hic
1022 766 1112 833 enim,
1136 763 1186 844 qui
1209 781 1293 824 suam
1316 778 1434 823 omnem
1449 762 1510 824 rim

236 849 335 914 baurit
356 867 397 912 cx
420 859 557 914 aeternae
579 851 711 914 iustitiae
733 850 899 932 principiis,
927 869 1051 933 quonam
1074 859 1161 932 pacto
1184 860 1289 932 posset
1310 851 1361 912 illa
1383 869 1511 932 unquam

235 937 385 1016 deserere,
407 947 440 1002 ut
461 938 653 1003 sanctissima
674 940 844 1002 debilitetur
866 939 956 1014 lides,
986 951 1071 1022 atquc
1094 940 1168 1003 adeo
1189 940 1273 1003 ltalia
1294 941 1327 1001 ln
1349 938 1511 1002 discrimen

236 1027 400 1096 adducatur
420 1029 575 1092 amittendi
596 1033 758 1092 maximum
782 1047 867 1092 suum
890 1025 1083 1110 splendorem
1105 1037 1135 1092 et
1156 1030 1295 1110 gloriam,
1330 1037 1385 1110 qut
1412 1028 1511 1091 node-

236 1121 346 1197 viglnti
373 1117 411 1180 ab
441 1116 511 1178 bino
539 1116 667 1180 saeculis
696 1115 823 1198 refulget
852 1118 890 1182 ob
911 1127 1052 1182 ,centrum
1070 1110 1113 1183 ¹et
1140 1119 1249 1192 sedem,
1281 1136 1336 1200 qoa
1367 1123 1512 1197 praestat,

187 1215 189 1219 “
237 1204 401 1270 catholicae
423 1206 580 1269 veritatis?
624 1208 726 1291 Neque
754 1208 845 1271 obiici
875 1214 991 1288 potest,
1029 1208 1105 1270 bana
1126 1209 1327 1288 Apostolicam
1349 1205 1457 1269 sedem
1479 1207 1512 1269 in

236 1295 327 1358 rebus
350 1294 448 1358 uirilis
479 1297 665 1376 principatus
695 1298 812 1364 clausas
835 1295 975 1360 babuisse
1003 1315 1088 1359 aures
1112 1295 1230 1359 illorum
1252 1293 1510 1376 postulationibus,

237 1384 286 1468 qui
308 1383 478 1447 liberiorem
500 1385 785 1449 administrationem
809 1395 951 1467 exoptare
973 1386 1187 1466 significarunt.
1233 1384 1272 1448 Ut
1294 1395 1395 1450 vetera
1416 1385 1512 1448 omit-

236 1487 335 1538 temus
357 1471 497 1555 exampla
518 1473 557 1536 ιι
578 1474 634 1535 ιιι
655 1483 755 1538 ιιιιιι
779 1473 890 1538 infelici
912 1481 1007 1538 aetate
1029 1473 1192 1558 loquemur.
1238 1473 1293 1538 Ubi
1324 1477 1402 1536 enim
1424 1471 1513 1536 ltalia

237 1582 257 1627 a
277 1559 422 1644 legitimis
444 1563 509 1626 auis
533 1562 722 1646 Principibus
744 1560 899 1643 liberiores
919 1563 1123 1628 institutiones
1145 1561 1288 1639 obtinuit,
1321 1561 1387 1627 Nos
1407 1570 1512 1644 pater-

239 1671 309 1716 num
340 1653 469 1715 animum
499 1660 636 1734 gerentes
665 1651 796 1716 dliorum
828 1660 940 1735 ιιιιιιι
972 1652 1142 1716 Pontificius
1172 1651 1299 1717 Nostrae
1329 1649 1451 1714 ditionis
1480 1651 1513 1715 in

237 1737 361 1804 civilem
391 1741 680 1806 administrationem
709 1745 926 1824 cooptarimua,
963 1751 993 1806 et
1024 1752 1188 1824 oportunae
1217 1741 1352 1804 dedimus
1382 1757 1513 1804 conces-

238 1830 349 1909 siones,
382 1830 513 1912 propriis
541 1839 639 1894 tamen
666 1831 840 1913 prudentiae
870 1831 967 1895 modis
995 1831 1162 1910 ordinatae,
1191 1851 1228 1894 ιι
1256 1849 1360 1892 munus
1387 1838 1512 1912 paterno

236 1921 341 1983 animo
363 1936 537 1982 conoessum
566 1941 620 2002 per
647 1921 791 1984 maiorum
814 1919 964 1998 bominum
986 1940 1108 2028 operam
1129 1939 1240 1984 venena
1262 1919 1439 1986 inficeretur.
1474 1919 1515 1982 At
1552 1993 1556 2004 ,

237 2029 309 2073 vero
341 2008 409 2092 quid
440 2009 510 2072 inde
538 2008 649 2073 factum
678 2008 746 2073 esti
783 1990 903 2073 Effroua
930 2008 1089 2073 licentia·
1079 2027 1205 2073 innocua
1231 2009 1347 2073 Nostra
1377 2006 1513 2089 largitata

237 2102 332 2181 potita
354 2106 409 2176 cst,
431 2105 462 2162 ct
483 2096 588 2186 ululae,
610 2118 668 2181 quo
690 2097 816 2181 publici
824 2099 956 2162 Ministrl
975 2117 1010 2162 ac
1025 2099 1165 2181 Depatati
1180 2104 1389 2176 convenerant,
1410 2095 1522 2160 limina·

238 2185 384 2268 sanguina
405 2207 554 2270 respersa,
576 2196 607 2252 et
628 2194 719 2270 impia
742 2207 847 2252 manus
870 2192 902 2252 ia
925 2207 991 2253 eum
1013 2186 1158 2271 sacrilege
1180 2207 1323 2251 conversa
1345 2190 1397 2269 qui
1418 2187 1514 2250 bena·
1517 2243 1522 2252 .

236 2277 336 2342 fnium
358 2284 559 2340 concesserat.
596 2272 692 2357 Quod
714 2281 742 2339 si
764 2276 980 2341 recentissimis
995 2275 1079 2342 bisce
1094 2278 1277 2359 temporibus
1292 2273 1460 2340 oonsilia'
1434 2293 1523 2340 circa

103 2401 104 2408 ι
236 2362 356 2430 ciuilem
379 2366 620 2447 procurationem
642 2366 740 2430 Nobis
771 2366 839 2429 data
861 2367 991 2442 fuerunt,
1020 2365 1099 2431 baud
1121 2370 1280 2448 ignoratis,
1316 2363 1512 2430 venerabiles

235 2455 369 2528 Fratres,
390 2453 444 2517 iiia
466 2475 485 2517 a
505 2454 600 2519 Nobis
622 2454 756 2519 admissa
777 2455 883 2535 fuisse,
906 2476 942 2519 ao
964 2463 1063 2521 ιιιιιι
1086 2464 1212 2538 excepto
1234 2473 1268 2518 aa
1290 2455 1410 2527 reiecto,
1433 2454 1513 2538 quod

235 2563 296 2609 non
322 2544 360 2606 ιι
389 2543 507 2608 civilem
530 2544 819 2610 administrationem
841 2546 1030 2628 respiciebat,
1064 2545 1118 2609 ιιι
1140 2565 1176 2608 ao
1198 2546 1362 2625 spectabat,
1384 2550 1429 2607 ut
1425 2563 1513 2626 apo·
1521 2580 1524 2588 =

235 2634 370 2698 liationis
391 2636 469 2714 perti
491 2638 550 2698 iam
573 2641 706 2717 patratae
727 2635 951 2700 assentiremur.
996 2633 1081 2699 Nibil
1109 2655 1180 2699 vero
1210 2641 1257 2697 eat
1285 2651 1339 2698 our
1368 2633 1406 2697 de
1435 2650 1524 2697 ιιι-ι

236 2723 316 2800 alliis
337 2722 413 2785 bena
434 2725 574 2805 acceptis,
598 2725 692 2806 deque
713 2724 836 2788 Nostris
859 2723 986 2787 sinceris
1007 2725 1046 2787 ad
1068 2722 1120 2788 ilia
1143 2722 1334 2807 exsequanda
1353 2721 1514 2805 promissis

237 2813 404 2895 loquamur,
426 2828 494 2876 cum
516 2816 740 2896 usurpationum
763 2813 966 2877 moderatores
989 2812 1050 2877 alta
1072 2831 1144 2877 voce
1166 2815 1384 2896 profiterentur,
1405 2831 1438 2875 aa
1452 2831 1513 2876 nou

237 2903 356 2986 quidem
378 2900 620 2983 reformationes,
650 2903 704 2966 sed
727 2903 893 2967 absolutam
915 2901 1122 2981 rebellionem,
1145 2921 1319 2986 omnemque
1341 2919 1358 2964 a
1380 2901 1514 2984 legitimo

100 3006 102 3022 ¹
236 2991 377 3073 Principe
406 2994 623 3056 seiunctiouem
653 2997 778 3057 omnino
803 2989 889 3056 velie.
935 2994 1032 3074 Atque
1055 2991 1113 3076 ipsi
1136 3002 1222 3056 erant
1244 2990 1412 3074 gravifflmi
1435 2991 1525 3056 faci·'

238 3081 323 3143 noris
346 3088 480 3144 auctores
501 3090 531 3145 et
552 3083 747 3162 antesignani,
778 3080 826 3164 qui
849 3083 914 3145 suis
938 3080 1116 3145 clamoribus
1139 3082 1240 3146 omnia
1260 3080 1425 3163 replebant,
1455 3099 1515 3145 ιιι

236 3189 309 3234 vero
340 3168 485 3252 populus,
515 3178 548 3235 ut
577 3172 615 3234 dc
636 3170 698 3234 iliis
721 3174 830 3234 merito
852 3171 912 3233 dici
934 3172 1031 3253 possit
1059 3171 1137 3255 quod
1160 3171 1346 3235 Venerabilis
1370 3171 1448 3232 Beda
1478 3169 1516 3233 dc

115 3283 118 3296 ·
237 3259 408 3322 Pbarlsaeia
430 3269 460 3324 et
482 3260 598 3324 Scribis
620 3259 733 3323 Christi
749 3259 879 3322 inimicis
896 3262 995 3324 aiebat
1012 3257 1075 3337 ²),
1076 3261 1154 3337 ,Neo
1169 3263 1244 3326 boec
1258 3258 1358 3342 ntiqui
1371 3259 1410 3322 de
1425 3258 1516 3324 tario

237 3349 293 3413 ted
315 3343 485 3413 Pharisaei
507 3345 774 3415 calumniabantur
787 3353 819 3412 ct
835 3346 975 3425 smnjioe
997 3353 1079 3415 ιιιιιι
1092 3347 1312 3434 Eooogeb'oiue
1329 3353 1516 3423 testanturf‘
1537 3386 1540 3390 f

327 3437 366 3522 (5
370 3442 384 3514 )
347 3439 465 3504 abac
490 3441 616 3504 Romani
639 3439 833 3502 Pontificatus
857 3440 1040 3521 oppugnatio
1063 3460 1122 3506 uon
1146 3443 1243 3504 solum
1267 3460 1302 3503 co
1326 3445 1515 3523 spectabat

237 3527 310 3591 baec
332 3529 440 3591 Sancta
463 3529 556 3592 Sados
588 3536 618 3590 ct
647 3530 798 3593 Romanus
820 3528 960 3592 Pontifex
991 3529 1124 3608 legitimo
1155 3550 1210 3593 ιιι
1239 3527 1320 3591 civili
1347 3515 1516 3610 principetur

240 3616 361 3681 omnino
378 3617 528 3698 privetur,
560 3617 614 3680 ιιι
638 3635 673 3679 ιι
695 3617 783 3680 etium
807 3618 914 3696 tendit,
943 3627 977 3681 ιι
999 3621 1172 3692 infirmetur,
1196 3627 1234 3696 et,
1257 3618 1283 3680 si
1306 3619 1372 3681 lieri
1391 3637 1515 3700 unquam

240 3714 354 3789 posset,
377 3705 464 3786 plane
488 3704 608 3770 tollatur
630 3705 772 3770 salutaris
793 3707 955 3771 catholicae
977 3705 1134 3789 religionis
1155 3707 1268 3785 uirtus3
1302 3726 1336 3770 ac
1358 3717 1518 3790 propterea
1603 3713 1607 3722 ’

192 3875 197 3890 ³
239 3795 355 3877 impetit
377 3794 435 3858 Dei
465 3794 561 3876 ipsios
590 3815 674 3877 opus,
708 3795 923 3879 redemptionis
955 3793 1095 3877 fructum,
1126 3806 1156 3861 ct
1185 3797 1405 3862 sanctissimam
1434 3793 1516 3858 iiiam

238 3887 343 3955 fidem,
379 3903 453 3967 quae
480 3887 699 3966 pretiosissima
727 3893 772 3949 ost
803 3886 970 3950 baereditas
1001 3887 1032 3949 in
1063 3907 1119 3951 uos
1150 3888 1283 3950 derivata
1312 3901 1352 3949 ex
1375 3884 1516 3948 ineffabili

239 3972 398 4050 sacrificiu,
421 3976 499 4058 qnod
521 3979 554 4037 in
578 3973 727 4056 Golgatba
750 3984 982 4040 consummatum
1004 3984 1059 4040 est.
1103 3979 1203 4059 'Atque
1225 3981 1266 4038 ita
1283 3994 1315 4037 ιι
1330 3995 1393 4037 rem
1409 3975 1516 4038 babere

240 4069 315 4129 satie
338 4082 485 4147 superque
508 4065 714 4128 demonstrant
736 4074 798 4129 tum
822 4073 1049 4129 commemorata
1071 4069 1132 4127 iam
1161 4067 1256 4142 facta,
1288 4072 1349 4126 tum
1378 4082 1414 4126 ea
1443 4082 1542 4147 quae·

239 4157 271 4219 in
293 4153 360 4216 dias
382 4154 501 4216 euenire
523 4151 666 4220 ridemus.
715 4150 797 4238 Quot
825 4155 904 4218 enim
936 4157 968 4217 in
996 4153 1082 4217 italia
1104 4153 1264 4218 Dioeccsos
1288 4154 1327 4218 ob
1349 4154 1434 4215 illata
1455 4155 1526 4216 ir'n-¹

239 4242 410 4326 pedimenta
439 4244 504 4306 auis
533 4241 691 4327 Episcopis
718 4245 847 4320 orbatae,
870 4243 1078 4326 plaudentibus
1100 4245 1259 4307 modernae
1282 4239 1438 4306 civilitatis
1458 4249 1527 4324 pa-‘

241 4334 348 4409 bonis,
372 4332 421 4414 qui
443 4339 490 4395 tot
513 4332 691 4396 christianos
714 4335 841 4414 populos
863 4336 928 4398 siue
951 4333 1121 4414 pastoribus
1142 4330 1358 4416 derelinquunt,
1371 4341 1411 4396 ,et
1425 4332 1518 4396 exilio

160 4470 163 4475 .
240 4419 415 4484 remeatur!
439 4415 522 4500 Quot
544 4426 625 4498 (curn
647 4421 815 4486 incredibili
837 4423 930 4485 animi
952 4423 1057 4486 Nostri
1077 4421 1179 4486 dolore
1196 4422 1342 4500 dicimus)
1356 4426 1517 4504 apostatae,

241 4511 291 4594 qui
312 4514 373 4574 ιιι
395 4508 453 4571 Dei
475 4508 530 4575 ιιι
552 4510 679 4575 saumae
702 4515 822 4576 nomina
843 4512 1013 4595 loquentes,
1045 4529 1080 4574 aa
1102 4515 1274 4594 impunitate
1296 4513 1372 4594 ipsis
1395 4531 1413 4576 a
1435 4510 1530 4576 fatali¹

259 4667 276 4767 y,
299 4706 340 4778 ¹¹)
359 4707 434 4772 Epist
449 4707 483 4758 11.
500 4709 536 4760 ad
554 4705 671 4762 (iorlutb.
690 4720 714 4760 c.
731 4706 768 4758 vt
789 4719 814 4758 r.
834 4705 876 4760 tt.
897 4709 939 4759 15.

315 4793 343 4862 ²)
359 4799 415 4853 Lib.
436 4797 461 4853 1.
479 4810 502 4851 c.
521 4793 566 4850 18.
585 4799 614 4851 iu
631 4811 655 4849 o.
676 4797 718 4850 11.
735 4796 827 4849 numo.
