3458 5270
236 214 315 298 260
519 211 691 282 itomanam,
708 207 837 266 uiuent
852 209 902 264 elea
917 209 1055 280 'tiernium
1072 219 1125 266 ron
1135 207 1228 263 rame.
1255 217 1257 228 ’

325 408 364 474 llt
385 412 430 476 ita
451 411 484 474 ln
505 407 695 490 matrimonio
718 406 797 474 ltlern
820 413 919 490 potent
940 423 1010 472 erne
1032 413 1186 472 aoeueator
1206 412 1238 472 et
1258 407 1346 472 tentia
1371 403 1418 486 ¹)3
1454 405 1507 472 eerl

235 515 292 580 lroe
307 513 338 596 ²)
359 515 462 599 potine
485 513 668 580 denuntiatio
691 534 777 598 quam
799 515 949 578 aeoueatio
971 505 1032 578 diei
1054 521 1160 598 potant.
1214 512 1235 602 J

204 685 206 690 ,
323 622 426 687 Altero
447 640 519 686 vero
541 620 750 702 principalium
772 638 966 702 personarum
987 640 1043 703 pro
1066 626 1142 686 teete
1163 638 1223 684 non
1244 621 1418 703 raeiptrtur,·
1440 625 1507 706 quia

234 743 324 792 namo
348 728 379 791 in
403 745 492 792 onore
514 745 567 792 aua
589 736 636 792 eet
658 727 783 792 idoneor
806 728 903 792 tertie.
1444 811 1449 818 .

326 835 399 900 ltem
421 842 515 899 teetee
537 832 575 899 tle
597 833 687 900 domo
710 833 891 916 prodeuntes
915 832 947 897 in
970 833 1099 917 quolibet
1119 833 1306 898 matrimonio
1321 831 1508 917 muniantur,

135 948 138 955 '
240 947 300 1006 tam
322 958 378 1024 pro
400 939 598 1028 diajungeudo
633 958 719 1025 quam
741 936 965 1026 eonjungenalo‚
998 947 1083 1022 peter
1105 939 1183 1004 enim
1205 946 1235 1003 et
1257 945 1351 1004 meter
1371 961 1425 1023 pro
1447 939 1509 1005 iilia

241 1046 289 1112 vel
311 1044 374 1112 lilio
397 1056 426 1111 et
448 1053 588 1120 eoontra‚'
623 1055 652 1110 et
680 1047 772 1110 irater
802 1065 857 1129 pro
879 1046 988 1126 tratre,
1026 1043 1076 1110 rel
1098 1065 1203 1112 sorore
1225 1053 1254 1110 et
1275 1054 1380 1111 eontra
1397 1043 1439 1124 1),
1462 1048 1509 1110 vel

236 1172 323 1219 eoror
344 1173 400 1236 pro
423 1154 532 1232 iretre,
569 1152 616 1216 rel
644 1171 747 1218 sorore
769 1159 800 1216 et
822 1159 926 1219 uentre
948 1151 1130 1235 reeipiuntur
1152 1153 1184 1217 in
1206 1154 1406 1221 testimonium
1423 1149 1453 1231 1)
1476 1159 1509 1216 ut

236 1278 274 1325 ex
297 1259 418 1349 ‹leorete
440 1257 605 1324 eoeleettni
627 1278 720 1342 papae
742 1259 866 1324 labetur
884 1261 978 1324 mireo
1000 1259 1140 1324 eoeleaiae
1161 1255 1347 1340 Florentiae,
1370 1259 1447 1344 quod
1464 1259 1508 1324 aio

157 1379 160 1385 ·
237 1367 359 1450 inoipit:
385 1365 509 1430 videtur
531 1364 617 1431 noto
639 1374 694 1431 eto.
713 1361 756 1445 5).

234 1533 236 1538 .
323 1472 499 1557 lpeoialiter
524 1481 621 1537 autem
650 1471 680 1535 in
709 1473 966 1552 consanguinitate
994 1469 1044 1536 vel
1065 1469 1208 1536 ultimitate
1229 1479 1322 1538 tentes
1346 1471 1383 1536 do
1406 1471 1508 1536 eedem

235 1578 389 1665 parentela
411 1599 477 1646 esee
499 1578 617 1658 debent,
649 1588 681 1643 ut
703 1579 820 1644 XXXV.
840 1574 869 1654 1)
884 1597 941 1662 gu.
965 1585 986 1646 o
1007 1581 1255 1664 consanguineae.

248 1737 250 1750 .
323 1686 356 1752 li
371 1695 468 1752 autem
483 1685 522 1751 de
535 1684 688 1770 parentele
703 1683 757 1749 illa
771 1704 831 1750 non
846 1693 918 1750 sunt
933 1683 1034 1769 aliqui,
1060 1689 1111 1769 qui
1124 1687 1169 1750 rei
1184 1687 1340 1752 veritatem
1354 1683 1454 1752 eoiaut
1469 1680 1509 1766 ⁷),

236 1799 305 1859 tuno
328 1792 503 1859 admittendi
525 1801 595 1858 eunt
616 1792 669 1857 alii
691 1793 784 1857 bonae
805 1790 903 1857 lemae
925 1791 983 1856 riri
1006 1799 1036 1856 at
1057 1793 1133 1869 noti,
1155 1797 1199 1858 uti
1213 1792 1421 1860 testimonium
1435 1790 1511 1857 rad-

238 1901 318 1976 dant,
338 1908 374 1964 ut
395 1904 427 1964 in
451 1899 553 1966 eodem
576 1904 672 1982 eapite
693 1900 947 1985 consanguineae,
969 1899 1158 1974 notificantur
1170 1896 1200 1980 1)
1223 1902 1421 1966 eontinentur.

323 2006 391 2078 Hoo
413 2009 501 2071 etiam
523 2007 563 2070 ad
585 2008 764 2071 matrimonii
785 2002 1001 2089 specialitatem
1018 2004 1048 2085 1)
1071 2006 1192 2080 eeeedit,
1217 2005 1295 2090 quod
1317 2007 1362 2069 illi
1384 2006 1434 2090 qui
1455 2023 1510 2070 aa·

233 2121 379 2198 emautur
400 2113 596 2202 jurejurando
627 2115 745 2179 lemare
772 2111 894 2188 debent,
933 2133 967 2179 ee
997 2131 1145 2198 nunquam
1175 2111 1298 2178 ulterius
1321 2112 1358 2177 etl
1381 2113 1509 2178 invieem

235 2218 469 2308 conjungendos,
492 2239 546 2286 neo
560 2217 681 2295 ineim'ul
694 2220 918 2310 ooiabitamloa,
942 2229 974 2285 ut
988 2221 1131 2287 XXXV.
1146 2242 1197 2307 qe.
1212 2227 1234 2288 e
1249 2219 1289 2286 al
1303 2221 1366 2286 r'eto
1381 2221 1432 2287 die
1446 2217 1509 2302 ¹⁰).

321 2327 466 2394 Similiter
489 2328 538 2412 qui
560 2325 761 2414 conjungendi
783 2335 853 2394 aunt
871 2325 974 2413 jurare
1003 2327 1127 2408 debent,
1162 2347 1196 2392 aa
1218 2330 1257 2392 ad
1278 2328 1404 2394 inrioam
1426 2335 1507 2392 tam-

236 2454 322 2517 quam
343 2432 488 2521 eonjugea
509 2433 702 2508 habitaturos,
725 2442 758 2499 ut
778 2433 884 2522 eollem
907 2432 1035 2518 eapitulo
1058 2431 1098 2500 ul
1120 2434 1181 2522 Veto
1202 2433 1254 2500 ue
1274 2431 1328 2514 11).

323 2541 441 2606 Debent
472 2540 561 2606 etiam
586 2539 703 2628 jurare,
742 2541 819 2625 quod
848 2558 905 2604 nea
933 2538 1024 2606 vitam
1055 2557 1111 2605 nae
1140 2540 1303 2608 membrum
1325 2536 1509 2606 alteralteri

235 2647 358 2720 auferet.
381 2666 436 2712 nae
458 2646 604 2714 maleficia
625 2647 723 2722 laniet,
747 2647 826 2731 quoii
848 2633 988 2730 arguitur
1005 2665 1043 2712 ex
1066 2645 1120 2714 illo
1143 2647 1272 2730 eapitulo
1294 2646 1409 2716 XXXII.
1426 2666 1474 2732 qu.
1492 2653 1508 2714 1

235 2754 277 2821 ele
295 2752 469 2824 Benede‘ete
487 2752 542 2834 11).
1307 2833 1310 2836 ,

317 2861 489 2932 lateralia
511 2881 626 2949 quoque
648 2859 795 2927 notabilia
815 2859 975 2928 memoriae
997 2859 1125 2927 ooeurrit
1144 2857 1207 2944 11),
1231 2862 1307 2947 quod
1322 2863 1511 2946 exspoliator

240 2968 394 3036 aoarnali
416 2970 516 3036 debito
538 2990 597 3035 non
619 2973 803 3049 restituitur,
830 2972 860 3034 ai
880 2967 962 3033 illem
981 2965 1025 3048 11)
1048 2965 1223 3050 allegaverit
1245 2987 1514 3056 eaueemaepara-

241 3081 346 3142 tionis.
393 3075 467 3142 (lum
498 3076 575 3143 enim
604 3081 635 3141 in
664 3097 754 3142 eauee
781 3079 964 3141 matrimonii
993 3076 1070 3138 eirea
1097 3072 1224 3141 salutem
1246 3076 1360 3141 animae
1381 3083 1513 3142 vertatur

239 3183 419 3267 perieulum.
457 3189 548 3250 tutiue
573 3192 620 3248 aet
641 3183 703 3264 ott,
735 3162 810 3248 altar
839 3202 940 3248 eornm
967 3200 1088 3247 eausam
1110 3181 1281 3267 allegaverit
1300 3185 1512 3268 reparatione,

241 3294 363 3358 interim
385 3312 447 3358 non
469 3292 595 3359 reddare
617 3290 758 3372 debitum,
780 3308 818 3356 ne
840 3290 887 3356 vel
908 3291 1078 3371 terminatio,
1100 3291 1149 3356 rel
1162 3292 1349 3369 adulterium,
1371 3291 1418 3356 rel
1432 3289 1511 3358 forte

320 3542 348 3608 1)
367 3542 430 3596 coo.
449 3543 483 3594 ll:
502 3523 756 3594 trem'reeueatorer
776 3545 803 3594 et
819 3545 902 3594 teetee
919 3554 981 3594 eree
997 3547 1114 3606 nossent.

317 3629 354 3698 ³).
363 3633 437 3699 Coti„
447 3635 486 3683 ll:
505 3627 594 3692 luae-i

318 3719 346 3787 ⁸)
366 3721 429 3772 cod.
447 3720 472 3771 1:
495 3721 539 3771 rel
557 3720 643 3771 trater
660 3733 709 3784 pro
727 3733 828 3772 sorore.

320 3805 346 3872 ⁴)
365 3809 424 3860 Cod.
445 3811 483 3860 11:
506 3811 534 3860 tn
552 3811 739 3861 tenementum.
774 3810 829 3873 luet
857 3812 930 3862 emm
956 3811 1051 3862 meltur
1076 3811 1164 3862 eotunt
1188 3813 1329 3864 eteorum
1354 3814 1394 3862 eet
1417 3813 1509 3863 matrt-

241 3903 338 3952 moniis
357 3911 463 3951 suorum
482 3900 624 3964 interanea,
655 3902 685 3949 nt
703 3913 736 3950 ex
753 3903 858 3952 (terreto
878 3905 928 3953 ato.

325 3986 350 4050 1)
367 4000 391 4038 a.
411 3986 429 4036 2
448 3986 476 4038 C.
493 3985 584 4037 XXXV.
605 3999 647 4052 qu.
667 3987 693 4054 6,
711 4003 734 4041 o.
755 3991 768 4039 1
788 3989 875 4052 comp.
893 3990 913 4042 l.
932 3987 983 4054 (tv.
1003 3987 1057 4054 17).

323 4076 348 4142 11)
367 4089 389 4127 o.
410 4078 424 4126 1
444 4075 471 4128 0.
490 4074 582 4126 XXXV.
602 4090 647 4140 qu.
666 4077 690 4128 t.

319 4163 344 4228 1)
363 4164 424 4217 Con.
444 4165 470 4215 l:
489 4166 585 4217 meant.
620 4165 684 4218 col.
703 4167 740 4217 lle
760 4168 805 4230 qut
822 4168 967 4221 veritatem.

287 4251 288 4256 ’
318 4254 344 4320 1)
363 4270 385 4306 e.
404 4252 418 4305 i
439 4257 466 4307 et
484 4253 500 4305 3
519 4253 583 4306 ibid.
975 4258 978 4264 '

321 4342 350 4409 1)
367 4343 430 4396 cnei.
450 4344 478 4394 n
497 4339 700 4410 matrimonium
717 4346 875 4406 specialiter.

308 4430 346 4496 ¹⁰)
364 4445 387 4484 o.
408 4431 431 4482 9.
451 4432 480 4482 c.
498 4431 588 4482 XXXV.
608 4435 696 4498 enti.
739 4432 803 4485 cna.
821 4435 857 4485 ll:
883 4434 1085 4490 emunitatem.

308 4521 345 4588 11)
365 4523 496 4573 similiter
514 4527 563 4574 ete.
582 4526 679 4576 derunt
697 4527 725 4576 tn
744 4524 807 4578 coo
824 4523 853 4576 ll

179 4640 200 4682 ¹.
311 4609 349 4676 ¹²)
368 4612 436 4663 αὖ.
455 4609 484 4664 0.
503 4610 661 4678 XXXll'qu.
681 4611 704 4666 1.
787 4599 788 4604 ¹
1111 4673 1113 4677 .

310 4698 348 4766 11)
367 4699 432 4751 coo.
448 4698 487 4750 tle
511 4702 575 4754 Item
593 4705 647 4754 alte
665 4714 788 4770 quamue
803 4702 930 4758 natattlta
947 4702 1091 4757 memoriae
1108 4705 1260 4757 oeourrnnt.

309 4785 348 4856 ¹⁴)
367 4789 430 4842 coel.
448 4789 474 4841 1:
493 4783 556 4843 llla.'
