3400 5274
459 245 609 314 Pipatn‘eue
626 227 774 304 aeramnae
792 255 853 304 ven
871 250 915 306 ue.
935 237 1096 316 selaeseu.
1365 255 1412 330 pq

138 453 258 530 poetata
280 445 386 513 bostili
408 445 575 532 irruptione
597 445 732 513 lacessiti
754 468 811 532 pro
833 451 900 523 Dei,
922 446 1086 529 Ecclesiae,
1120 448 1207 530 buius
1230 445 1418 532 Apostolicae

140 554 299 625 {edissae
312 552 442 619 institiae
454 572 542 618 causa
558 554 686 628 sortiter,
709 557 823 620 viribus
840 552 911 620 licet
923 554 1014 638 longa
1026 554 1201 638 imparibus,
1224 556 1418 629 dimicarunta
1499 561 1502 570 ‘

138 661 194 724 rix
216 659 357 724 lacrimas
381 662 532 727 continere
555 681 713 744 possumus
735 670 895 736 noscentes
918 673 988 747 quot
1010 651 1126 728 strenui
1148 659 1273 742 milites,
1295 679 1337 726 ae
1351 661 1418 727 lee-

138 767 254 834 tissimi
276 771 454 850 praesertim
476 770 600 834 iuvenes
623 771 654 832 in
677 765 733 833 bec
747 770 861 834 iniusta
876 777 907 834 et
920 768 1034 834 crudeli
1049 768 1204 836 inrasione
1220 768 1418 844 occubuerint,

141 877 191 960 qui
213 873 359 958 religioso
380 893 452 940 sane
474 872 626 960 nobilique
647 881 749 941 animo
777 876 815 940 ad
845 872 964 941 civilem
986 875 1137 943 Romanae
1158 875 1308 942 Ecclesiae
1330 879 1427 959 prin-,

141 982 280 1067 cipetum
295 983 437 1048 tuendum
459 981 645 1049 advolarunt·
686 987 750 1050 Nos
772 988 896 1068 insuper
918 989 1103 1068 summopere
1126 992 1292 1048 commoret
1312 985 1417 1062 luetm,

141 1093 189 1176 qui
213 1095 245 1154 iu
268 1088 389 1156 illorum
412 1089 540 1155 familias
562 1090 717 1157 redundat.
764 1093 882 1156 Utinam
906 1090 1018 1156 eisdem
1041 1093 1165 1158 familiis
1181 1094 1279 1156 fletum
1294 1090 1417 1156 Nostris

139 1199 241 1262 verbis
272 1197 445 1279 abstergere
479 1198 656 1281 possemus!
694 1195 881 1263 Conbdimus
901 1220 975 1277 ¹aare)
997 1218 1058 1264 uon
1080 1198 1139 1264 levi
1162 1199 1238 1282 ipsis
1259 1197 1366 1263 solatio
1389 1205 1419 1262 et
1518 1277 1522 1287 ἱ

140 1303 340 1369 consolationi
368 1305 497 1371 suturam
523 1296 855 1376 honorificentissimam
883 1310 1073 1380 uacationem,
1111 1325 1196 1390 quem
1219 1306 1255 1368 de
1277 1309 1437 1378 extinctis·

139 1416 203 1475 suis
231 1411 337 1477 liberis
367 1420 396 1476 et
425 1413 603 1500 propinquis
632 1413 739 1479 merito
768 1415 893 1478 iacimus
921 1416 959 1476 ob
983 1405 1172 1497 splendidum
1196 1433 1267 1477 saue
1290 1412 1419 1476 eximiae

139 1540 241 1584 coram
265 1536 337 1600 erga
359 1519 435 1598 llos,
460 1527 489 1584 et
510 1519 587 1604 bana
611 1519 749 1584 Sanctam
772 1521 879 1586 sedem
899 1520 978 1599 ddei,
1000 1521 1121 1604 pietatis
1138 1527 1167 1584 et
1182 1523 1294 1584 amoris
1311 1539 1419 1584 exem.-

138 1624 235 1709 plnm,
263 1625 343 1709 qnod
369 1624 533 1690 christiano
563 1627 630 1689 orbi
658 1643 725 1689 cum
758 1625 918 1690 immortali
940 1646 1041 1716 eorum
1064 1627 1195 1691 nominis
1218 1625 1305 1690 leude
1326 1626 1424 1691 erebi--

140 1735 276 1798 buerunt.
306 1731 403 1816 Atque
432 1736 464 1796 iu
494 1752 559 1797 eam
589 1734 725 1816 prolecto
755 1753 841 1816 spem
871 1737 1015 1816 erigimur
1037 1734 1110 1812 iore,
1133 1742 1166 1798 nt
1187 1733 1209 1797 ii
1232 1753 1345 1812 omnes,
1368 1737 1420 1817 qui

140 1838 305 1923 gloriosam
328 1861 385 1922 pro
408 1840 561 1906 Ecclesiae
582 1859 674 1913 cause
697 1849 821 1905 mortem
838 1842 986 1917 obierunt,
1009 1839 1091 1906 illem
1106 1844 1317 1924 sempiternum
1329 1859 1419 1905 esse-

145 1958 272 2031 quantur
302 1935 417 2030 pacem
435 1955 465 2012 et
483 1950 672 2028 ‚beatitatem
705 1965 790 2031 quem
821 1970 838 2013 a
867 1949 932 2014 Deo
962 1948 1084 2032 optimo
1113 1947 1420 2031 blaximo'appreeati

141 2075 248 2118 sumus
271 2064 300 2118 et
314 2060 472 2138 appreeeri
488 2072 636 2139 uunquam
652 2058 833 2120 omittemus.
865 2053 932 2136 Quo
947 2058 1015 2120 loco
1030 2055 1138 2121 debitis
1153 2075 1268 2140 quoque
1281 2054 1420 2119 lendibus

140 2165 351 2246 prosequimur
372 2161 500 2227 dilectos
528 2161 627 2226 Filios
649 2163 809 2226 Praesides
831 2164 1062 2246 provinciarum,
1089 2166 1269 2246 praesertim¹
1289 2163 1420 2226 Urbiac-

141 2267 342 2349 Pisaurensis,
364 2277 394 2333 et
418 2271 604 2352 'poleteuua
628 2271 677 2357 qui
698 2273 731 2333 in
752 2271 807 2333 bac
829 2272 1006 2360 tristissima
1026 2278 1192 2354 tempumm
1215 2269 1420 2342 vicissitudine

144 2395 200 2441 suo
224 2379 346 2442 munera
369 2376 475 2441 sedulo
499 2385 728 2460 constanterque
754 2379 902 2459 perfuncti
924 2386 1002 2456 suunt.

228 2485 296 2548 Jum
320 2505 402 2566 vero,
435 2484 625 2549 l'enerabiles
648 2475 777 2559 Fratres,
802 2487 866 2569 quis
887 2487 966 2550 lerre
989 2505 1114 2570 unquam
1138 2483 1247 2568 poterit
1268 2483 1419 2566 insignem

141 2591 352 2672 impudentiam
385 2600 415 2655 et
437 2592 631 2675 hypocrisim,
664 2612 721 2676 qua
743 2593 919 2675 nequissimi
942 2593 1095 2658 invasores
1117 2591 1234 2657 insuia
1258 2593 1419 2676 program-

143 2700 273 2765 matibus
297 2715 435 2764 asserere
454 2719 515 2764 nou
538 2699 682 2779 dubitant,
705 2719 739 2764 se
761 2701 890 2766 Nostrae
913 2701 1043 2784 eliasque
1065 2699 1166 2764 ltaliae
1187 2696 1271 2764 adire
1292 2700 1419 2782 provin-

141 2811 212 2887 cius,
235 2814 268 2870 nt
291 2808 335 2870 ibi
357 2809 478 2872 moralis
500 2805 615 2872 ordinis
639 2807 786 2890 principia
807 2811 991 2873 restituenti*
1015 2809 1111 2891 Atque
1133 2807 1165 2871 id
1187 2807 1225 2871 ab
1247 2809 1286 2871 iis
1309 2813 1420 2871 temera

128 2909 319 2994 affirmatur,
344 2915 393 2997 qui
415 2917 590 2979 acerrimum
613 2911 783 2978 Catholicae
798 2912 962 2992 Ecclesiam
982 2913 1103 2996 eiusque
1118 2913 1267 2990 Ministris
1283 2932 1317 2976 ae
1330 2913 1418 2978 rebus

144 3020 255 3084 iamdiu
277 3017 389 3085 ballum
411 3019 583 3095 inferentes,
615 3028 645 3084 et
667 3021 885 3090 ecclesiasticas
905 3021 998 3100 leges,
1029 3000 1227 3100 censurasque
1248 3015 1419 3102 planede-

143 3131 303 3210 spicientes
326 3127 390 3192 ausi
412 3137 483 3192 eunt
505 3121 749 3210 spectatissimos
772 3136 833 3220 tum
857 3129 887 3190 S.
911 3128 946 3191 R.
969 3127 1004 3193 li.
1027 3123 1211 3205 cardinales,
1241 3133 1303 3190 tum
1325 3125 1419 3208 Epis-

148 3254 251 3317 copus,
273 3244 335 3298 tum
358 3233 588 3317 probatissimos
611 3235 760 3318 utriusque
775 3233 857 3299 Cleri
870 3235 961 3299 Viros
974 3234 1006 3297 iu
1021 3234 1137 3298 vincalo
1152 3233 1308 3314 coniicerp,
1331 3229 1419 3297 Reli-

146 3345 248 3423 gioeua
272 3341 412 3406 Familias
442 3361 458 3404 e
486 3343 620 3424 propriis
644 3340 807 3406 Ooenubiia
829 3341 988 3424 expellere,
1011 3341 1159 3405 Ecclesiae
1181 3341 1260 3405 bona
1281 3341 1419 3422 diripere,

144 3459 172 3512 et
200 3448 319 3514 civilem
351 3449 440 3513 buius
471 3452 594 3514 sanetae
625 3449 712 3513 Sedis
745 3452 942 3532 principatum
974 3458 1102 3515 restare.
1129 3446 1419 3512 ¹Scilicetmorulis

144 3556 259 3620 ordinis
280 3555 430 3638 principia
444 3557 481 3618 eb
503 3559 544 3618 iis
562 3559 766 3635 restituentur,
790 3558 837 3639 qui
853 3557 989 3638 publicas
1005 3549 1144 3639 cuiusque
1159 3555 1252 3620 iulsae
1267 3555 1419 3618 doctrinae

142 3660 273 3741 soboles,
311 3670 341 3725 et
373 3663 556 3756 meretricias
593 3661 816 3736 etiam-,domos
841 3662 1039 3740 ,constituunt
1073 3663 1178 3744 quique
1212 3660 1419 3728 abominandis

142 3771 263 3850 seriptis
287 3777 317 3832 et
338 3771 466 3832 scenicis
481 3764 666 3850 spectaculis
681 3769 835 3850 puriorem,
859 3770 1041 3859 pudicitiam,
1065 3769 1258 3848 honestatem,
1281 3769 1419 3848 virtutem

143 3877 299 3962 offendere,
329 3875 491 3950 eliminare,
520 3883 549 3939 et
581 3884 774 3939 sacrosancta
802 3875 920 3939 divinae
943 3867 1061 3938 nostrae
1084 3865 1242 3958 religionis
1258 3875 1418 3956 mysteria,

143 3991 336 4061 sacramente,
370 3989 537 4065 praecepta,
574 3992 603 4046 et
631 3983 774 4055 institute,
811 4002 972 4067 sacrosque
1000 3983 1166 4060 ministros,
1198 3982 1284 4061 ritus,
1315 3999 1418 4045 caere-

143 4089 257 4154 monias
273 4088 408 4170 irridere,
431 4097 631 4168 contemnere,
655 4109 827 4172 omnemque
843 4091 972 4154 institiae
987 4090 1131 4152 ustionem
1149 4088 1299 4153 demedio
1315 4087 1419 4152 tollere

144 4215 176 4258 ec
198 4207 260 4259 tum
283 4193 437 4278 religionis
459 4204 521 4259 tum
544 4194 643 4260 civilis
666 4201 820 4260 societatis
842 4197 1034 4260 fundamenta
1049 4194 1229 4264 labefactare
1244 4204 1273 4260 et
1288 4202 1420 4260 evertere

145 4308 343 4366 connituntur.
442 4317 445 4322 ·
766 4357 769 4364 ,

229 4410 263 4475 lu
286 4411 342 4472 bec
363 4410 457 4492 igitur
479 4417 539 4473 tem
562 4408 683 4497 iniusta,
706 4415 766 4474 tam
789 4411 891 4473 bostili
915 4419 944 4473 et
973 4408 1120 4473 horrenda
1143 4409 1240 4474 civilis
1263 4409 1367 4475 Nostri
1387 4417 1419 4472 et

143 4520 228 4583 buius
252 4517 377 4582 Sanctae
399 4505 487 4581 ¹Sedis
517 4515 702 4599 priucipatus
730 4517 926 4598 aggressione
948 4523 983 4580 ¹et
1004 4520 1236 4598 occupatioue'a
1258 4517 1418 4598 Subulpiuo

143 4627 234 4709 Rege,
258 4627 379 4708 eiusque
396 4623 547 4688 (lubemio
571 4633 673 4688 eontra
697 4635 801 4689 omnes
817 4627 948 4688 iustitiae
963 4626 1046 4707 leges
1063 4634 1092 4688 et
1108 4624 1272 4688 universale
1287 4627 1418 4706 gentium

143 4737 189 4795 ius
212 4740 343 4815 peracta,
365 4733 470 4797 Nostri
493 4730 587 4796 oldeii
609 4731 703 4813 probe
723 4751 871 4795 memores
895 4735 926 4794 in
941 4732 998 4795 boe
1013 4730 1202 4814 amplissimo
1217 4732 1328 4795 Vestro
1342 4749 1418 4792 con·-

142 4859 240 4922 sessu,
272 4848 302 4905 et
327 4843 433 4906 'eorem
463 4840 601 4906 universo
629 4835 784 4905 cadolum
814 4839 894 4904 Orbe
917 4838 1057 4904 Nostram
1080 4853 1184 4904 sueem
1206 4835 1303 4900 denuo
1324 4837 1416 4900 veie·
