3442 5278
242 147 328 226 228
530 145 701 215 numurus,
719 141 849 198 memoli
865 144 913 199 des
930 142 1067 196 usnimi
1084 142 1236 196 verinoli.

243 336 1518 430 wwmmwhmmffifflmwmfflfflme

244 472 310 535 que,
341 457 371 515 et
392 451 501 516 xxii.
523 469 571 532 qu.
594 454 615 515 2
639 468 677 514 rte
699 449 769 532 quie
789 445 969 523 arbitretur,
986 446 1069 530 guod
1091 453 1191 514 nutem
1206 445 1246 526 ²).
1284 447 1424 528 ludensi,
1440 449 1519 532 quod

245 560 338 641 siquis
366 554 549 639 pereusserit
578 557 754 619 derisorum
783 553 903 618 levitate
923 552 1041 638 jocosa.
1077 573 1139 619 non
1161 549 1286 618 incurrit
1310 557 1518 620 exeommuni-

243 665 398 738 estlonem,
421 672 454 728 nt
476 665 508 727 in
529 658 673 728 decretali
695 663 735 727 de
756 664 870 734 cetero,
892 662 972 726 deut
992 662 1116 746 digniter
1137 662 1260 725 iubetur
1273 658 1316 747 ³).

333 771 367 835 tt
396 789 468 836 uero
498 778 622 854 propter
650 765 753 833 utilem
780 764 999 835 simulationem
1020 777 1161 848 sumatur,
1183 787 1243 832 uon
1264 768 1388 852 impedit
1408 774 1518 834 mutri-

249 880 391 954 monium.
436 877 532 960 Saepe
555 876 633 940 euim
656 877 751 954 multi,
773 893 838 940 oum
861 874 959 960 aliqua
981 874 1046 940 loos
1069 877 1099 940 in
1122 876 1210 940 loeeii
1230 874 1332 940 habitu
1346 896 1406 941 uon
1419 875 1520 942 valent

245 989 375 1050 trsnaire
404 985 513 1065 assuri,
542 983 673 1048 habitum
705 980 861 1067 religionis
892 992 1056 1062 assumunt,
1086 992 1117 1048 et
1145 981 1319 1066 religionem
1343 981 1519 1068 simulanter

246 1110 382 1158 aeeurnm
405 1091 513 1154 labent
534 1089 709 1169 transitum
738 1109 798 1155 non
822 1099 919 1155 tamen
942 1089 1051 1154 hubent
1072 1091 1254 1174 propositum
1277 1091 1443 1174 religionis,
1464 1108 1519 1157 nee

245 1199 283 1263 sd
321 1198 451 1264 lubitum
488 1199 533 1261 aie
562 1205 691 1263 sumtum
727 1204 864 1263 tenentur
880 1194 919 1275 ⁴).
964 1198 1015 1260 sie
1042 1195 1183 1266 nonnulli
1214 1197 1303 1281 siguo
1332 1199 1427 1264 erneis
1457 1199 1519 1263 im-

248 1305 346 1389 posito
375 1301 542 1388 periculosa
573 1303 640 1368 ioea
670 1307 735 1369 sine
767 1303 899 1387 periculo
929 1295 1090 1385 transeunt,
1127 1323 1182 1370 neo
1213 1313 1309 1370 umen
1331 1310 1519 1389 propositum

246 1414 366 1493 hubent,
396 1413 565 1496 sepulerum
592 1410 707 1476 domiui
728 1411 869 1476 visitandi
887 1405 931 1490 5),
964 1429 1020 1475 nee
1041 1410 1080 1476 ad
1101 1410 1174 1476 illud
1196 1420 1333 1478 tenentur
1350 1411 1389 1492 ⁵).
1433 1412 1520 1478 Utilis

247 1525 326 1586 euim
350 1519 522 1605 quaudoque
544 1525 592 1583 eet
614 1515 776 1598 simulatio,
799 1526 828 1584 et
849 1519 882 1582 in
904 1526 1047 1608 tempore
1060 1519 1248 1600 desumenda,
1271 1528 1303 1586 ut
1321 1519 1427 1587 xxii.
1444 1525 1518 1604 qu2

244 1625 350 1694 utilem
366 1623 406 1707 ⁷).
438 1619 516 1692 diam
539 1633 570 1691 et
591 1628 657 1708 ipse
679 1624 790 1689 utiliter
812 1625 972 1705 simulavit,
995 1643 1029 1690 ae
1050 1626 1173 1709 longius
1195 1631 1250 1708 ire,
1272 1625 1427 1710 diaoipulls
1441 1647 1519 1694 eun-

243 1737 329 1803 tibus
348 1737 380 1800 in
403 1734 512 1798 imam
529 1729 570 1810 8).
1170 1794 1173 1803 ,
1432 1731 1435 1735 ’

335 1841 409 1908 (inm
437 1839 598 1930 etiamad
627 1836 830 1923 probationem
859 1839 978 1918 habitus
1005 1838 1350 1924 religionisaasumitur,
1372 1841 1519 1906 neminem

249 1949 374 2034 obligat,
396 1966 452 2014 nee
473 1948 693 2012 matrimonium
715 1934 850 2030 impedit.
889 1947 979 2012 Absit
1000 1951 1088 2028 enim,
1114 1956 1146 2012 ut
1168 1946 1276 2031 aliquis
1297 1947 1444 2033 regularis
1464 1968 1519 2014 sa·

242 2057 380 2142 ueritatis
408 2074 522 2138 expers
551 2053 590 2120 ob
612 2054 670 2118 hoe
691 2052 812 2135 regulae
834 2053 982 2138 obligetur
999 2053 1038 2132 9),
1068 2054 1149 2139 quod
1168 2065 1219 2121 aut
1241 2057 1317 2120 eibis
1340 2066 1391 2121 sut
1411 2075 1522 2122 mouu-¹

240 2167 361 2231 eiiorum
398 2162 532 2254 vestibus
571 2168 678 2229 ulatur.
722 2161 806 2226 Huee
839 2169 887 2227 est
919 2166 997 2228 euim
1031 2145 1241 2246 modiolorum
1257 2159 1304 2242 1ο)
1337 2164 1451 2245 regula,
1486 2170 1519 2228 ut

239 2274 366 2338 eletione
388 2270 426 2336 ad
449 2269 624 2352 religionem
646 2271 783 2356 aspirans
805 2287 1000 2351 perannum,
1022 2267 1115 2335 lsiens
1139 2269 1275 2354 nognitus
1297 2289 1352 2352 per
1366 2270 1517 2334 biennium

240 2380 383 2464 probetur
405 2377 577 2459 ineognitus
600 2396 655 2459 per
675 2374 843 2449 triennium,
875 2383 906 2440 ut
927 2376 1044 2445 xxvii.
1069 2397 1117 2461 qu.
1143 2383 1171 2444 1.
1196 2374 1369 2463 Genealdus
1391 2385 1421 2442 et
1441 2375 1519 2444 ΧΙΧ.

241 2506 289 2570 qu.
314 2493 334 2554 3
357 2483 564 2558 monasteriis,
594 2493 624 2548 et
647 2480 716 2548 diet.
740 2481 818 2548 Llll.
841 2479 1008 2570 legem-¹¹).
1053 2482 1134 2567 ipsis
1155 2491 1252 2550 autem
1275 2488 1306 2549 in
1328 2482 1419 2572 liujus
1441 2505 1518 2568 pro-

330 2697 354 2764 ¹)
374 2699 437 2750 cod.
456 2698 483 2749 l:
508 2698 598 2749 fuerit.

323 2789 389 2871 ‘ie
408 2805 434 2859 2.
453 2805 482 2859 c.
499 2805 549 2858 nv.
570 2817 616 2870 qu.
637 2803 661 2855 1.
681 2815 703 2858 e.
725 2802 757 2855 ιι
777 2809 804 2855 st
817 2803 866 2855 is.
890 2801 930 2856 e.
950 2803 1025 2858 xxii.
1047 2818 1090 2870 qu.
1109 2807 1133 2857 n.
1152 2803 1214 2860 coe.
1234 2808 1275 2858 ll:
1295 2807 1364 2872 quor
1382 2809 1427 2858 sie
1527 2813 1532 2823 ·

325 2913 352 2976 ⁸)
370 2926 393 2964 e.
413 2911 446 2965 id
466 2911 552 2977 comp.
570 2914 592 2964 l.
612 2915 645 2962 de
663 2914 777 2972 sentent.
797 2923 921 2962 excomm.
941 2913 982 2976 (V.
1002 2911 1059 2981 35),
1080 2926 1102 2965 e.
1123 2897 1165 2966 ll.
1183 2912 1213 2966 ll.
1232 2913 1256 2967 ln.
1276 2919 1296 2965 t.
1315 2913 1356 2979 (V.
1376 2912 1431 2978 39).
1450 2927 1473 2968 o.
1494 2917 1517 2967 7.

243 3006 332 3069 comp.
353 3004 372 3054 ι.
393 3002 627 3064 senoniensis.
649 2999 704 3065 ιι),
722 3011 745 3051 o.
765 3001 790 3051 s.
808 2998 837 3050 ιι.
856 2999 880 3051 n.
901 3005 919 3052 ι.
940 3001 981 3064 (ι.
1004 3002 1057 3067 12).
1080 3003 1141 3054 coo.
1160 3004 1193 3054 ιι.
1210 3007 1239 3054 ut
1257 3005 1285 3054 m
1303 2988 1410 3056 noemi)
1428 3007 1518 3054 eur·-

243 3095 352 3158 uagunti
376 3093 519 3166 Alexandri
543 3103 626 3154 papae
644 3088 686 3140 lll.
711 3091 792 3140 miesn
811 3090 901 3142 Barth.
937 3089 1076 3144 Exoniensl
1096 3095 1229 3162 episeopo,
1258 3095 1327 3158 quod
1350 3097 1389 3146 sle
1406 3090 1517 3156 'lnelulu

239 3185 314 3236 sicus
336 3182 455 3247 dierunt

325 3287 350 3355 Ι)
370 3289 434 3341 cod.
453 3287 480 3337 l:
499 3267 614 3338 lenitum
632 3286 674 3336 sio
689 3289 821 3346 sumntum
838 3287 953 3337 tenetur.

310 3391 356 3461 ’5)
373 3396 436 3448 Cod.
453 3396 492 3446 ll:
514 3395 633 3445 visitare.
678 3429 680 3432 -

329 3501 354 3566 ⁸)
373 3503 436 3554 cod:
456 3466 564 3553 litsnee
581 3501 615 3551 sd
633 3500 702 3552 illud
719 3504 853 3552 tenentur.
888 3501 996 3566 Legitur
1014 3504 1042 3552 in
1059 3502 1087 3551 B.
1108 3500 1170 3552 illl.
1189 3501 1225 3554 Ex
1243 3503 1354 3554 eonolllo
1373 3504 1517 3571 Tolietsue,

242 3597 272 3644 ut
290 3593 468 3657 elerlol„qul
486 3595 600 3655 surgunt
617 3590 706 3642 iahilu
726 3595 752 3640 et
768 3591 876 3641 nemius
893 3591 1035 3642 monachos
1055 3603 1125 3660 esse,
1152 3595 1178 3641 et
1195 3605 1246 3642 non
1264 3597 1337 3659 suut,
1363 3593 1517 3646 omnimodis

244 3685 417 3747 corrigantur
430 3685 455 3730 et
473 3680 656 3744 emendentur,
672 3684 701 3731 ut
719 3680 762 3730 vel
782 3681 839 3729 reri
858 3679 974 3731 monaehi
988 3683 1052 3748 sint,
1071 3682 1113 3731 vel
1125 3683 1184 3731 reri
1196 3684 1326 3735 ennonlel.
1351 3682 1517 3736 Contrarium

242 3777 331 3824 tamen
349 3772 461 3823 habetur
478 3774 507 3822 in
524 3771 552 3822 lt
571 3771 635 3822 vill.
655 3782 710 3834 erp.
730 3770 814 3822 vidua
832 3775 860 3822 et
877 3769 907 3820 ll.
925 3769 1020 3829 illivll.
1039 3771 1111 3837 quod
1133 3773 1321 3836 interrogasti.
1357 3771 1408 3848 Sed
1426 3755 1470 3823 iile¹
1484 3775 1517 3824 de

148 3879 152 3885 ·
243 3863 296 3912 illis
313 3863 403 3929 viduis
422 3865 520 3928 egitur,
539 3872 607 3926 quae
624 3863 695 3913 iuter
712 3862 778 3912 allas
797 3862 885 3911 velum
903 3866 1071 3926 aeceperunt,
1091 3866 1117 3912 et
1135 3864 1205 3912 inter
1223 3863 1289 3912 alius
1308 3843 1460 3930 eraserunt,
1479 3865 1517 3915 ilnl

241 3965 305 4002 vero
324 3952 358 4002 de
375 3953 491 4017 clericis,
522 3953 565 4017 qul
583 3955 617 4003 ad
636 3955 826 4018 probationem,
857 3951 901 4002 uel
927 3955 1035 4014 propter
1053 3953 1170 4014 aliquam
1188 3951 1270 4001 allum
1289 3952 1437 4012 utilitatem,
1463 3966 1517 4006 non

241 4045 350 4108 propter
367 4044 529 4106 propositum
546 4043 686 4107 religionis
705 4044 807 4092 restem
825 4041 979 4104 religiosam
999 4045 1194 4108 assumserunt,
1213 4042 1312 4092 etideo
1323 4054 1373 4092 non
1384 4046 1514 4095 tenentur.

242 4131 317 4181 Utilis
337 4133 406 4182 enlm
420 4167 508 4185 .....

325 4239 353 4300 l)
371 4250 392 4290 e.
411 4235 455 4290 21.
482 4237 510 4289 c.
529 4235 605 4290 llllll.
631 4251 673 4302 qu
695 4239 720 4289 ².
744 4236 809 4316 Coi.¹
833 4235 870 4287 11:
890 4244 998 4300 propter
1024 4241 1051 4288 et
1073 4251 1122 4299 pro
1146 4241 1269 4305 temnere
1293 4242 1462 4308 assumenda,
1488 4245 1516 4290 nt

243 4328 273 4380 C.
290 4327 366 4392 Wl-
385 4342 430 4392 qu.
451 4328 504 4378 llll.
523 4331 623 4380 utilem.
730 4345 732 4350 ’

306 4433 352 4500 J)
372 4434 434 4487 cni.
454 4435 480 4485 l:
501 4435 606 4506 lougius
624 4441 666 4487 tre
684 4434 820 4500 discipulis
839 4435 900 4488 cod.
919 4438 958 4488 li:
984 4439 1043 4498 lpse
1062 4435 1182 4488 dominus
1201 4434 1286 4488 lesus.

326 4541 352 4608 ⁰)
371 4542 431 4595 cdd
448 4537 490 4594 ll:
511 4547 617 4605 experte
635 4543 774 4608 obligetur.

317 4649 355 4716 ιο)
375 4649 437 4701 cod.
457 4652 481 4701 l:
506 4617 577 4701 lluee
596 4654 635 4702 eat
652 4650 847 4706 monaulurum.

316 4757 355 4824 ¹¹)
374 4773 396 4811 e.
417 4757 441 4811 1.
459 4757 488 4810 C.
506 4757 572 4814 Xlll.
591 4772 636 4823 qn.
653 4759 683 4824 2,
703 4771 726 4814 e.
743 4760 768 4810 d.
787 4759 814 4810 c.
832 4755 897 4812 XIX.
914 4771 956 4824 qu.
974 4754 1316 4814 &domenacione
1335 4757 1417 4814 livill
1431 4771 1474 4825 qu.
1486 4759 1513 4813 8.

1286 5083 1295 5115 l
