3434 5284
219 236 221 240 -
303 213 374 269 uc.
392 202 604 270 nmmum.
623 213 880 280 rosaemannus
898 213 998 289 nuno.
1017 223 1066 277 oro
1083 210 1254 278 maraon.
1335 207 1412 289 379

144 409 271 494 singulis
292 407 436 474 amintae
457 408 558 472 latim
587 407 672 474 Ritus
702 409 781 472 intre
809 407 884 473 dacs
912 406 1033 489 imperil
1061 404 1211 471 amaran
1241 404 1413 470 constitutis

144 499 264 566 namuri
295 498 461 578 mandarit,
492 497 649 560 contrariis
678 497 908 583 quibuscunque,
943 497 1073 578 ipsisque
1104 493 1310 576 suporlarlbnc'
1338 492 1413 557 Gla-

145 588 253 654 mentis
275 587 350 653 xla.
374 584 558 667 apostolicis
581 587 711 658 Litteris,
735 588 840 670 quitus
863 585 899 648 ad
922 587 1056 649 ellectum
1080 585 1232 648 dumtaxat
1247 584 1413 664 praesentis

144 678 254 742 lndalti
285 674 429 759 expresse
458 675 629 756 derogavit,
666 674 787 739 minime
815 674 1009 738 obstantibus.
1056 673 1227 736 Metlodrm
1254 679 1352 735 autem
1382 672 1413 734 in

144 767 313 831 istiusmodi
330 763 469 847 precibus
484 764 692 845 usurpandam,
714 773 801 846 atque
816 761 1064 826 indeclinabiliter
1086 763 1123 825 ab
1146 763 1283 847 omuibus
1305 770 1335 824 ct
1348 765 1414 824 sin-

144 857 224 940 gulm
252 855 353 920 Latini
383 852 468 916 ltitm
497 851 638 916 Ecclesiis
657 857 700 918 ‚in
731 857 868 917 universa
900 852 1023 915 Ditiona
1053 853 1208 916 Austriaca
1237 849 1414 914 servandam

145 946 222 1010 hana
244 963 314 1008 arse
335 940 437 1006 coluit
771 955 774 970 ¹
1213 957 1215 960 ·

233 1050 255 1123 l.
277 1052 312 1114 ln
335 1050 445 1113 Missae
464 1045 589 1111 Oenone
610 1067 718 1113 nomen
740 1049 930 1132 imperatoris
953 1047 1110 1134 adjicietur
1131 1046 1186 1110 lanc
1200 1046 1331 1110 adhibita
1347 1043 1415 1110 ior-

145 1141 226 1206 mula
248 1175 291 1188 ·-
313 1136 357 1204 Et
373 1157 431 1219 pra
453 1135 645 1220 Imperatore
667 1141 770 1203 ncetra
792 1138 851 1217 N„
875 1173 916 1184 -—
939 1159 1014 1222 quae
1035 1137 1161 1201 dicenda
1174 1135 1231 1200 erit
1245 1142 1315 1217 post
1329 1153 1414 1198 men-

146 1235 258 1296 tionem
281 1229 388 1292 iactam
413 1227 537 1291 Romani
560 1227 713 1291 Pontificio
736 1234 766 1291 at
787 1228 930 1310 Episcopi
951 1227 1136 1291 Diocccscui.

233 1333 268 1400 11.
292 1337 324 1398 ln
348 1333 476 1415 singulis
498 1351 683 1418 perannum
705 1336 809 1398 Missis
833 1333 878 1398 vel
902 1333 1085 1398 solemnibus
1114 1328 1415 1405 cerimonialibus,

147 1424 251 1490 diebus
274 1432 381 1496 tamen,
404 1422 511 1507 quibus
534 1443 588 1508 por
602 1423 754 1488 Rubricas
778 1422 887 1498 licebit,
913 1443 1037 1508 sequens
1061 1421 1187 1487 addetur
1208 1441 1263 1502 pro
1281 1417 1416 1499 impera-

146 1523 211 1580 torc
233 1511 376 1579 collecta.

725 1601 837 1667 Oratio.

234 1707 419 1784 conannas
439 1705 623 1788 omrcipatenr
643 1705 741 1782 Deae,
764 1714 799 1774 at
816 1705 955 1790 famulae
978 1711 1048 1774 tana
1063 1705 1103 1770 Ν.
1116 1703 1287 1788 Imperator
1303 1706 1416 1777 noster,

146 1797 202 1884 qai
224 1799 293 1865 lta
316 1799 512 1863 minoratione
534 1798 669 1876 succepit
689 1795 999 1882 reqnipalernacata,
1021 1799 1170 1861 virtutum
1183 1795 1276 1860 etiarn
1291 1793 1417 1858 omnium

146 1888 302 1971 percipiat
322 1888 518 1962 incrementa,
540 1886 647 1968 quitur
660 1885 802 1952 decenter
817 1891 946 1953 ornatae
961 1888 1102 1953 vitiorum
1116 1887 1253 1949 amnetra
1267 1884 1418 1954 deuitare,

147 1979 251 2044 taeter
271 1995 427 2059 reparare,
449 1975 544 2040 etad
568 1976 620 2051 Te,
642 1979 699 2060 qai
717 1978 782 2054 cta,
804 1967 923 2042 ceritas
946 1982 977 2042 et
995 1978 1121 2050 vitaer,
1139 1969 1418 2059 panormaateat

145 2069 314 2148 perenne.
361 2065 425 2130 Per
447 2063 609 2130 Dominum
630 2071 688 2133 ete.

717 2191 846 2255 sonem

71 2339 81 2358 .
211 2323 212 2328 “
236 2295 383 2370 Munera,
413 2293 557 2370 Damrice,
587 2314 765 2380 quamumur
786 2296 887 2362 ainata
909 2298 1090 2375 sanctifica,
1118 2302 1153 2360 at
1173 2300 1204 2360 et
1224 2291 1312 2358 nodie
1336 2290 1418 2356 Uni-

22 2383 24 2388 ’
144 2385 247 2470 periti
267 2385 330 2452 Tui
348 2404 460 2467 empne
481 2389 512 2450 et
533 2387 660 2470 carpeia
678 2389 779 2467 fiant3
802 2391 834 2451 et
855 2387 1041 2468 Imperatori
1052 2392 1155 2452 aaran
1169 2384 1212 2448 ad
1225 2380 1419 2448 ontinenam·

146 2476 270 2540 anemae
287 2476 480 2559 morisque
501 2473 642 2552 cuiatem,
664 2480 695 2540 et
714 2477 916 2560 perapmdum
936 2476 1108 2556 injunctura
1122 2475 1269 2556 alliciam,
1294 2468 1418 2536 Tetar-

145 2565 259 2650 piente,
281 2583 495 2648 maneantque
514 2565 688 2646 proficiant.
734 2565 799 2632 Per
820 2563 982 2631 Dominam
1004 2571 1061 2630 etc.

603 2703 605 2710 '
660 2707 906 2772 Poatoommuaio.

237 2809 343 2886 Haec,
364 2807 508 2886 Domine,
538 2811 651 2879 allatr'o
672 2810 827 2880 relaturis
847 2811 998 2892 famulam
1021 2811 1118 2878 Tarm
1139 2809 1179 2873 Ν.
1202 2809 1420 2892 Imperatorem

110 2955 113 2962 r
150 2904 287 2966 nostraene
309 2899 348 2964 at
369 2899 506 2964 arantino
529 2905 652 2987 tueatur
674 2903 1002 2986 cenomannenses
1023 2905 1056 2966 et
1075 2897 1319 2966 Ecclesiasticae
1330 2899 1420 2980 pacit

148 2989 285 3056 obtineat
306 2987 574 3074 tranquillinam,
596 2995 628 3056 et
647 2996 717 3072 poet
737 2991 830 3072 injur
851 2992 994 3072 temporie
1016 2989 1176 3056 decurram
1199 2989 1242 3053 ad
1262 2991 1420 3052 aeternam

149 3079 310 3163 perveniat
332 3079 559 3145 inanitatem.
606 3081 671 3146 Per
697 3079 858 3145 Dominam
879 3085 937 3145 etc.

231 3163 356 3250 'erilrus
378 3187 450 3248 vero
474 3171 505 3231 in
529 3171 721 3235 Diocaesibus
744 3173 839 3252 riguit
860 3170 1004 3234 hramnus
1027 3167 1210 3232 consuetudo
1231 3166 1355 3230 canendi
1370 3162 1419 3228 in-

151 3276 242 3344 super
262 3261 294 3321 in
316 3256 415 3322 Missa
437 3258 577 3338 solemni,
606 3265 670 3323 slve
692 3267 762 3342 post
784 3259 976 3339 antiphonam
999 3257 1241 3333 communionis,
1265 3258 1328 3320 siva
1351 3263 1421 3337 post
1553 3325 1561 3334 q

152 3345 287 3413 uldmum
319 3347 523 3428 Evangelium
555 3347 733 3414 versiculum
763 3385 807 3396 -
836 3348 968 3414 Domine
988 3346 1105 3413 relatam
1123 3347 1183 3428 fac
1204 3344 1422 3426 Imperatorem

152 3441 285 3502 noctram
306 3437 342 3502 N.
372 3435 490 3502 eraudi
509 3455 564 3503 nor
585 3441 619 3504 in
639 3440 706 3518 die,
740 3457 800 3523 qna
821 3439 1061 3502 invocaverimus
1083 3435 1191 3500 Te-
1213 3435 1297 3498 mma
1319 3434 1419 3497 eadem

150 3526 329 3590 consuetodo
351 3525 508 3608 perstabit.
877 3523 882 3532 '

238 3631 285 3698 111.
307 3631 342 3696 In
363 3633 458 3696 Missa
481 3631 805 3698 Praesanctldcatorum
830 3635 904 3698 laria
929 3633 975 3698 Vl.
999 3634 1031 3696 in
1053 3631 1217 3697 Parasccve
1238 3633 1317 3695 inter
1339 3630 1420 3695 Ora-

141 3720 261 3795 tionem
282 3741 338 3803 pro
362 3726 474 3784 cunctis
496 3720 647 3784 Ecclesiae
668 3720 833 3786 Ordinibus
857 3732 886 3785 et
907 3719 998 3786 aliam
1024 3743 1079 3804 pro
1101 3721 1326 3785 catechumenis
1349 3719 1421 3782 laec

150 3830 207 3893 pro
228 3809 408 3891 Imperatore
430 3811 544 3874 dicetur
565 3845 606 3858 ·-
631 3812 757 3875 Oremnc
773 3817 804 3876 et
812 3831 869 3894 pra
883 3809 1101 3894 plorioar'rrimo
1115 3809 1306 3892 Imperatore
1318 3812 1421 3874 noetra

152 3897 209 3972 Ν.,
232 3903 268 3962 at
289 3897 374 3962 Deae
395 3902 427 3963 et
448 3898 598 3964 Dominae
618 3902 722 3962 noster
743 3899 798 3965 atet
819 3899 869 3986 itti
888 3901 1004 3966 aedium
1021 3921 1145 3965 maram
1161 3902 1350 3965 certatricem
1363 3917 1422 3964 ea-

150 3987 313 4068 pannon,
344 4007 405 4070 qua
434 3987 571 4070 popellum
599 3987 664 4052 ridi
689 3991 876 4054 comminarem
901 3989 1050 4073 padernet
1079 3993 1112 4052 in
1140 3991 1221 4054 amni
1233 3987 1369 4069 justitia
1392 3992 1423 4052 et

151 4077 322 4140 sanctitate
342 4075 386 4138 ad
406 4076 543 4142 diuinam
563 4075 692 4162 pluriam
714 4083 745 4142 et
776 4085 912 4145 noctram
931 4081 1109 4160 perpetuam
1127 4097 1241 4160 pacem.
1288 4076 1421 4151 Oramus,

154 4163 328 4232 Itectcmar
347 4183 460 4248 penna.
503 4167 544 4234 a.
566 4165 697 4232 Lecate.

242 4253 436 4336 Omnipotens
455 4257 636 4336 sempiterne
656 4253 753 4336 Deae,
776 4258 831 4340 qut
850 4259 952 4340 reprc'c
973 4256 1107 4321 onnam
1122 4261 1250 4321 aeterna
1264 4258 1422 4337 potestate

152 4339 335 4419 dominaris,
357 4347 476 4423 respice
496 4345 542 4410 ud
562 4345 764 4410 Austriaeam
785 4345 934 4430 teramnae
955 4346 1127 4427 Imperium
1150 4350 1188 4410 at
1205 4350 1237 4409 et
1251 4343 1422 4425 Imperator

145 4433 235 4514 juate
256 4433 440 4516 inperanda,
463 4439 494 4498 ct
513 4432 639 4516 popular
657 4432 793 4512 fideliter
813 4436 975 4500 obediendo
999 4435 1042 4501 ad
1060 4433 1189 4519 pluriam
1212 4436 1274 4502 dici
1293 4438 1423 4500 nominr‘r

153 4526 186 4585 et
207 4524 294 4607 repni
316 4519 571 4607 tranquillitatem
594 4524 734 4590 anammi
749 4527 871 4606 pietate
890 4526 1075 4607 conspirent.
1113 4527 1178 4588 Per
1191 4524 1351 4592 Dominam
1365 4531 1420 4590 etc.

241 4627 292 4692 lv.
315 4629 507 4694 Praeconium
530 4629 670 4694 Pasclale
698 4631 841 4695 sabbatino
870 4641 974 4696 sancto
1002 4633 1057 4695 hac
1079 4636 1194 4697 rationo
1216 4634 1422 4698 concludetur:

241 4716 412 4784 Precamnr
434 4738 507 4805 erpo
524 4720 578 4795 Te,
599 4718 740 4798 Dominae,
761 4725 796 4786 ut
809 4740 865 4786 nor
876 4720 1012 4802 famulor
1028 4720 1111 4786 line
1123 4740 1291 4806 amenaque
1306 4719 1422 4786 aeram

154 4806 428 4890 etdeocticrinam
454 4809 593 4893 papatum
621 4825 685 4875 arra
714 4829 781 4878 merc
810 4809 998 4878 Beatissimo
1026 4812 1120 4894 Papa
1146 4815 1251 4877 nostro
1281 4812 1335 4894 Ν.,
1366 4825 1423 4874 nec
