3442 5278
446 193 614 268 dunatmmm
631 191 760 274 itteram
778 191 824 250 ὰοο
842 165 977 252 termera
994 207 1046 252 ton
1063 195 1150 264 iavit.
1355 199 1434 280 255

255 389 391 458 Tertium
417 411 512 476 genno
540 399 588 459 eet
624 387 702 478 qued
730 391 764 460 it
792 374 886 460 nithe
915 396 1053 477 persenia
1089 394 1309 477 mediantibus,
1348 397 1432 462 verbi

167 497 265 584 gratia
286 481 364 564 inter
386 517 431 563 me
454 506 484 564 et
504 517 630 565 uxorem
645 499 742 565 relioti
757 503 992 583 nonnunguinere
1008 506 1111 567 exerte
1132 523 1214 567 meae
1237 521 1309 586 quae
1330 505 1435 566 attinet

166 605 249 686 miii,
265 603 358 672 tribua
372 606 511 689 perennio
527 605 731 682 mediantibus,
755 605 869 673 aoilioet
882 626 980 672 uxore
994 628 1059 672 meu
1074 618 1104 673 et
1119 609 1184 696 ejus
1201 605 1433 689 oonean'guinee.

167 712 394 796 consanguinea
414 715 492 777 enim
514 713 619 778 uxoris
641 731 723 778 moue
744 721 791 778 eat
812 713 885 777 mihi
906 717 938 778 in
960 716 1057 797 primo
1077 733 1193 799 genere,
1217 733 1288 796 ergo
1303 717 1350 777 vir
1365 710 1433 801 eju·

166 819 224 884 erit
245 817 318 882 miiai
340 823 372 882 iu
393 819 533 900 retundo,
563 821 658 902 Igitur
678 820 808 885 neaunda
830 837 909 885 uxor
931 821 987 904 erit
1008 822 1080 885 mihi
1108 823 1139 884 in
1169 824 1273 899 tertio,
1305 837 1436 902 persona

167 925 246 990 enim
267 923 367 989 additu
390 931 448 992 ete.
470 933 501 989 ut
528 943 628 1010 mara.
1324 904 1331 926 '

202 1106 205 1110 ,
255 1021 392 1096 ceterum
420 1032 580 1096 navandum
610 1039 672 1107 eet,
704 1052 742 1096 ne
764 1033 820 1096 ime
840 1032 944 1115 regula
966 1029 1155 1120 deeeptm1)
1178 1029 1274 1113 dican,
1306 1031 1384 1116 qued
1406 1031 1436 1097 ei

167 1138 386 1220 consanguinee
406 1137 513 1202 uxoris
536 1157 618 1203 meae
634 1136 665 1218 ²)
688 1137 765 1202 duos
786 1136 920 1203 hebuerit
948 1139 1048 1215 viroe,
1077 1140 1109 1203 in
1137 1132 1197 1205 aiio
1227 1153 1336 1223 genere
1364 1139 1438 1208 mitt
1548 1179 1551 1202 .

168 1247 291 1309 attinent
313 1239 460 1308 aeoundue
488 1259 574 1327 qoam
600 1245 715 1328 primm
731 1241 777 1324 ³),
815 1262 880 1308 oum
909 1254 969 1309 tam
987 1242 1018 1327 ⁴)
1041 1243 1188 1311 secundus
1213 1249 1437 1330 quamprimum

168 1349 211 1416 rit
222 1349 296 1415 mihi
311 1351 342 1414 in
358 1350 488 1415 eeouudu
503 1369 610 1432 genere
622 1347 656 1436 ⁵)
679 1349 841 1424 affinitatis.
864 1354 933 1435 quia
946 1351 1024 1416 inter
1045 1340 1092 1416 me
1107 1358 1137 1416 et
1150 1351 1320 1418 utrumlibet
1334 1371 1437 1417 eorum

168 1464 320 1522 eontraota
336 1464 396 1523 'eet
425 1457 572 1534 affinitur,
606 1459 719 1522 duabu·
749 1464 862 1523 tantum
884 1461 1020 1542 penurie
1050 1457 1266 1534 mediantibus,
1305 1457 1439 1525 eoilisoet

168 1583 261 1631 uxore
283 1584 359 1646 mea,
384 1572 414 1629 et
435 1561 500 1649 ejuo
522 1567 741 1646 mnuanguinea
758 1561 800 1647 6).

255 1671 294 1737 iit
314 1669 474 1738 notandum
495 1678 557 1751 eat,
581 1669 659 1754 guod
682 1675 800 1735 tertium
824 1688 917 1752 ganne
939 1671 1097 1754 aliquando
1118 1689 1157 1769 οι
1179 1690 1238 1739 une
1259 1679 1343 1756 parte
1365 1679 1438 1738 tan-

172 1785 234 1844 tum
252 1779 368 1844 denitur
383 1773 428 1863 ⁷),
460 1784 532 1862 peta
553 1776 648 1843 freter
669 1794 753 1842 meus
775 1775 865 1842 tanet
886 1795 1013 1843 uxorem
1035 1798 1105 1862 quae
1128 1786 1175 1844 ant
1195 1779 1269 1843 mihi
1291 1779 1440 1864 inprime

169 1899 289 1969 genere.
334 1885 454 1951 Mortuo
475 1884 570 1949 fratre
591 1903 659 1949 meo
679 1880 786 1949 reliata
807 1881 875 1971 ejus
896 1882 1006 1968 ancipit
1025 1885 1137 1966 virum,
1173 1884 1223 1970 qui
1244 1893 1292 1951 eat
1313 1887 1386 1950 mihi
1407 1890 1440 1951 in

169 1994 300 2059 eeooudo
323 2011 431 2076 gauere
448 1989 489 2077 8).
527 1990 645 2058 Mortur
660 1993 763 2056 relteta
777 1991 880 2057 iratrin
895 1992 954 2056 mei
967 1989 1089 2056 relietue
1104 1990 1170 2079 ejue
1184 1991 1293 2076 reeipit
1305 2011 1439 2068 uxorem,

169 2116 241 2186 quoe
262 2105 311 2165 eet
331 2097 404 2162 midi
425 2102 457 2163 in
480 2099 570 2164 tertio
592 2113 719 2182 genere,
741 2083 903 2163 seeundum
925 2099 1056 2181 priorem
1078 2095 1225 2182 regulam.

256 2202 426 2290 Aliquando
448 2225 487 2272 ex
510 2213 631 2290 emaque
653 2212 738 2289 perte
760 2205 877 2270 duettur
892 2204 935 2288 ⁹),
957 2213 1029 2288 putu
1051 2207 1126 2271 duae
1143 2206 1310 2296 janitrices,
1332 2208 1364 2272 id
1378 2214 1436 2289 eat,

170 2330 283 2379 uxoren
297 2313 422 2380 duorum
444 2312 571 2378 irutrum
592 2320 664 2378 ‘eunt
685 2314 764 2377 inter
785 2331 819 2376 se
841 2313 873 2377 in
895 2311 1027 2377 seeundo
1039 2333 1148 2397 genere
1163 2309 1224 2400 ¹⁰),
1247 2321 1365 2379 monuo
1379 2333 1438 2379 uuo

166 2441 206 2486 ex
220 2420 363 2487 iratribus
375 2419 480 2486 reliata
491 2418 599 2505 aeeipit
608 2423 720 2502 uirum
736 2420 799 2504 ipse
814 2428 860 2485 eet
874 2421 1003 2506 reliquae
1014 2419 1148 2508 janitrioi
1163 2422 1194 2486 in
1210 2424 1299 2488 tertio
1314 2439 1433 2505 genere.

669 2595 827 2664 Titulus
858 2597 934 2664 xlx.

590 2703 641 2772 De
658 2705 811 2791 eremius
833 2706 1016 2788 offittt'ieit'e.
1404 2787 1406 2792 ,
1441 2765 1442 2770 ,

254 2830 401 2914 Expedite
429 2835 500 2914 qaae
518 2826 567 2916 11)
594 2834 658 2896 aiat
678 2823 834 2896 uiduitatis
856 2845 974 2915 genere,
996 2827 1146 2894 videamus
1162 2836 1234 2913 quot
1251 2834 1313 2896 aiat
1328 2830 1438 2914 gradun

167 2938 199 3004 ia
218 2935 345 3019 uirgulta
366 2937 536 3021 generibus.

254 3046 387 3111 Primum
408 3060 502 3129 geum
523 3045 612 3110 habat
633 3052 748 3129 neptem
769 3045 880 3128 gradm
903 3042 1079 3127 prohibitor,
1114 3043 1193 3109 unde
1213 3037 1335 3125 etatem,
1356 3043 1437 3128 quod

167 3153 269 3241 aequin
290 3153 431 3238 paaeidua
451 3151 582 3218 ambulet
602 3167 669 3218 num
692 3154 955 3236 eontanguinitate,
977 3151 1139 3216 meandum
1161 3157 1295 3235 quotuor,
1311 3151 1440 3216 tertium

167 3261 253 3329 duom
526 3303 529 3308 ·

256 3366 387 3452 Cumque
408 3367 499 3451 igitur
520 3365 649 3450 primum
660 3363 710 3450 ¹²)
731 3385 827 3449 genna
840 3365 947 3432 hebeat
961 3372 1072 3450 neptem
1086 3363 1208 3446 ςιοὰοι,
1229 3361 1350 3447 quilibet
1363 3361 1436 3430 illo-

168 3497 233 3543 rum
264 3476 386 3557 impedit
417 3473 635 3540 matrimonium
665 3473 908 3550 aestumandum,
945 3480 974 3539 et
999 3473 1114 3540 dirimit
1135 3477 1326 3546 emendum,
1352 3470 1437 3554 guod

169 3613 380 3634 κ

252 3710 277 3776 ¹)
296 3708 350 3761 θοὰ
367 3707 404 3760 iit
423 3711 460 3760 ait
477 3709 610 3772 detentum

250 3797 279 3864 ²)
297 3799 361 3850 θοὰ.
378 3797 405 3849 1:
423 3799 614 3862 consanguinea
633 3799 702 3848 met.

207 3885 210 3894 '
252 3887 277 3953 ⁸)
295 3888 363 3939 Cod:
382 3889 408 3939 1:
429 3889 524 3938 attinet
540 3885 605 3938 mihi
623 3899 702 3952 quem
721 3889 833 3950 primun.

251 3976 276 4044 ⁴)
296 3978 358 4029 cea
377 3979 412 4028 a:
431 3981 527 4028 tanen.
657 3961 660 3974 '
838 3980 841 3989 ·

251 4067 276 4136 ὖ)
294 4069 357 4120 θοὰ.
376 4067 401 4118 1:
420 4068 448 4117 tn
466 4067 551 4129 omma
569 4075 684 4130 generet

250 4157 275 4222 ⁸)
294 4157 356 4210 θοὰ.
375 4155 404 4208 1:
424 4157 486 4220 quia
497 4157 567 4206 luter
578 4166 622 4204 me
641 4157 668 4204 et
685 4156 769 4217 totam
787 4159 920 4230 eontraeta
939 4161 981 4207 eat
997 4153 1121 4222 affinitur,
1140 4164 1192 4203 una
1210 4155 1307 4205 tantum
1325 4166 1436 4217 pareone

162 4250 301 4300 ‘mediante
318 4247 378 4297 reti.
397 4248 595 4310 consanguinea
612 4254 679 4295 mea.

216 4357 227 4374 s
251 4336 276 4402 7)
296 4335 360 4389 θοὰ.
379 4336 406 4387 1:
425 4336 501 4397 parte
519 4334 634 4387 ducitur.

251 4424 276 4492 ⁸)
296 4425 361 4478 θοὰ.
380 4423 418 4475 ii:
444 4425 489 4488 qui
508 4427 549 4474 ert
566 4423 631 4474 mihi
649 4424 677 4474 ln
695 4423 773 4473 tertio
792 4434 901 4488 genere.
937 4420 1031 4478 cetere
1050 4420 1151 4494 derunt·
1209 4471 1211 4478 ,

251 4513 277 4579 ⁹)
295 4516 357 4567 θοὰ.
376 4514 411 4566 11:
429 4513 564 4576 Utrimque
581 4511 730 4564 dedueitur.
1048 4512 1052 4518 '

243 4599 281 4668 ¹⁰)
300 4603 364 4655 θοὰ.
384 4604 409 4654 i:
427 4601 524 4666 gredau

243 4691 281 4757 ¹¹)
299 4692 364 4745 θοὰ.
381 4692 405 4744 1:
425 4691 501 4756 quod.

244 4779 281 4850 ¹¹)
300 4779 364 4839 cod.
382 4781 420 4837 11:
439 4781 558 4850 cumque
574 4781 698 4846 urinam.
