3382 5284
449 241 594 309 rapturus
612 244 762 298 mroeuuou
780 255 842 298 von
859 245 903 300 rs.
924 219 1088 310 saptiam.
1355 247 1405 322 43

128 441 300 505 uniuersale
338 442 472 524 gentium
509 442 558 506 ius
595 441 729 525 nequiter
766 449 813 506 est
849 449 975 525 patrata,
1013 461 1160 527 quaequae
1192 441 1251 506 uisi
1286 440 1407 506 omniuo

128 557 310 628 coerceatur,
337 547 434 616 nulla¹
449 548 587 631 deinceps
618 547 745 629 legitimi
774 551 926 632 cuiusque.
945 548 1019 614 iuris
1048 549 1174 612 firmitas
1204 567 1239 612 ao
1261 551 1407 614 securitas
1482 543 1485 549 ’

127 656 243 737 poterit
263 656 439 719 consistere.
484 656 592 739 Agitur
615 655 651 720 do
674 652 847 720 rebellionis
869 656 1031 739 principio,
1054 656 1101 718 cui
1124 655 1315 737 snbulpluum
1339 655 1407 720 ilu-

129 752 265 827 bernium
295 765 423 845 turpiter
448 766 587 841 inservit,
618 770 649 826 et
677 779 716 826 ex
749 782 806 845 quo
837 781 961 844 pronum
991 769 1035 826 est
1056 759 1237 846 intelligere,
1268 769 1407 845 quantum

128 873 303 953 cuicumque
326 871 477 936 (lubemiu
501 871 659 934 discrimen
674 874 706 934 iu
721 871 786 934 dies
801 879 1003 952 comparetur,
1025 877 1056 936 et
1071 878 1179 954 quauta
1194 871 1226 932 iu
1243 871 1408 946 universam

129 977 251 1040 civilem
268 981 442 1056 societatem
457 977 604 1042 redundet
625 980 780 1060 pernicies,
815 995 880 1040 eum
904 979 946 1041 ita
967 977 1053 1042 letali
1075 976 1290 1042 Commentario
1312 977 1409 1042 aditus

132 1089 296 1167 aperiatur.
326 1079 435 1168 Agitur
449 1085 495 1148 'de
517 1081 640 1149 violatis
659 1084 844 1148 solemnibus
860 1083 1121 1156 Conventlouibus.
1145 1104 1217 1169 quae
1233 1094 1265 1148 ut
1277 1081 1407 1148 aliorum

127 1198 161 1255 in
186 1190 305 1278 Europa
324 1189 555 1273 Principatuum
579 1193 621 1255 ita
643 1193 734 1254 ctiam
756 1189 853 1256 civilis
872 1190 1195 1277 Pontibaiaellit'iouis
1209 1193 1408 1274 iutegritatem

127 1305 242 1362 sertam
272 1289 436 1382 tectumque
464 1299 577 1363 serrari
606 1298 726 1382 omuino
749 1295 909 1378 postulant.
957 1299 1065 1379 Agitur
1088 1297 1125 1361 de
1146 1294 1278 1362 violenta
1303 1298 1409 1380 direp-

128 1409 214 1470 tione
244 1403 324 1469 illius
354 1409 551 1487 principatus,
585 1404 634 1488 qui
656 1405 802 1486 singulari
825 1405 941 1470 divinet
964 1404 1168 1488 prouidentiae
1191 1401 1319 1481 consilio
1343 1405 1408 1469 lto-

130 1532 222 1575 mauo
245 1509 380 1576 Pontifici
403 1512 489 1576 dutus
510 1521 556 1574 cst
579 1512 618 1575 ad
639 1512 843 1593 Apostolicum
867 1532 952 1575 suum
976 1512 1173 1576 Ministerium
1196 1515 1226 1574 in
1241 1514 1409 1574 universam

128 1619 295 1683 Ecclesium
311 1617 486 1702 planissima
498 1619 638 1684 libertato
653 1619 860 1684 exercendum.
885 1615 969 1698 Quae
983 1620 1117 1700 proiecto
1130 1619 1254 1682 libertas
1278 1636 1408 1682 summae

128 1725 270 1790 omuibus
300 1725 458 1790 Princibus
487 1744 575 1790 curae
606 1745 675 1789 esso
706 1724 809 1798 debet,
847 1734 881 1788 ut
912 1725 1050 1790 Pontifex
1081 1728 1144 1805 ipse
1172 1722 1282 1790 nullius
1313 1723 1409 1788 uirilis

128 1834 290 1916 potestatis
312 1833 454 1915 impulsui
476 1834 637 1915 subiaceat,
660 1840 747 1916 atque
770 1833 814 1896 ita
836 1833 985 1914 spirituali
1009 1833 1120 1914 pariter
1142 1830 1354 1896 catholicorum
1377 1833 1408 1895 iu

130 1940 302 2002 eorumdem
325 1939 494 2020 Principum
517 1938 658 2002 dominiis
681 1940 849 2018 degentium
873 1938 1086 2022 tranquillitati¹
1101 1945 1217 2030 cautum
1240 1944 1301 2008 sit..

221 2046 321 2130 ltaque
342 2047 480 2111 omnibus
502 2048 655 2128 supremis
669 2046 860 2128 Principibus
875 2065 1048 2128 persuasum
1063 2065 1133 2110 essa
1148 2045 1244 2120 debet,
1267 2049 1409 2122 Nostram

13 2159 18 2170 '
129 2171 200 2217 eum
223 2153 358 2236 Ipsorum
382 2154 579 2236 causaplaue
602 2173 670 2218 esce
692 2157 888 2226 coniunctum,
913 2173 1027 2235 cosque
1045 2173 1130 2218 suum
1144 2138 1243 2220 Nobis
1263 2151 1408 2218 auxilium

128 2263 289 2324 adereutcs
305 2261 495 2326 Nostrorum
510 2279 601 2343 aeque
623 2279 658 2327 ao
681 2279 802 2324 suorum
826 2263 933 2322 iurinm
956 2257 1155 2324 incolumitati
1176 2277 1243 2322 csse
1259 2279 1409 2342 prospec-

126 2377 228 2430 turoa.
255 2351 395 2431 Maxima
417 2366 543 2448 proinde
574 2383 640 2430 curu
672 2365 779 2428 fiducia
808 2367 892 2447 ipsos
923 2367 1074 2430 hortamur
1103 2375 1132 2430 et
1154 2368 1355 2440 obsecramus,
1378 2375 1411 2430 ot

127 2493 217 2556 opem
240 2473 344 2546 Nobis,
369 2495 425 2555 pro
447 2493 502 2536 suo
526 2477 648 2557 quisque
671 2471 841 2538 conditione
864 2482 894 2537 et
917 2477 1151 2556 opportunitate,
1174 2473 1266 2540 velint
1289 2471 1410 2555 impen-

129 2580 212 2644 dere.
236 2579 304 2644 Nou
328 2579 496 2645 dubitamus
518 2585 625 2654 abtum,
662 2581 731 2664 quin
754 2577 894 2645 catholici
916 2580 1089 2662 praesertim
1111 2578 1325 2662 Principesuo
1346 2580 1411 2645 Pu-

129 2685 199 2769 puli
230 2704 348 2753 omnem
378 2707 485 2756 eurum
511 2669 611 2752 euram
646 2697 676 2750 et
704 2707 824 2770 operum
848 2687 1068 2752 studiosissime
1099 2673 1272 2767 conterant,'
1301 2695 1334 2752 ut
1355 2705 1411 2769 pro

128 2794 279 2858 communi
309 2813 410 2858 eorum
442 2794 545 2860 olflcio
576 2796 706 2860 universi
735 2793 885 2860 Dominici
916 2795 1032 2876 Gregis·
1055 2794 1174 2858 Petram
1203 2802 1234 2857 ot
1254 2794 1410 2858 Pastorem

129 2900 374 2986 parricidialibus
397 2889 553 2983 degeneris
574 2901 630 2966 blii
652 2905 744 2966 armis
768 2910 970 2984 oppugnatum
993 2902 1092 2965 modis
1108 2899 1245 2965 omnibus
1262 2901 1410 2975 adiurare,

131 3009 220 3082 tueri,
244 3018 274 3071 et
296 3007 456 3072 defendere
473 3017 641 3090 'properent
662 3017 749 3090 atque
772 3010 925 3072 festinent.

222 3114 297 3179 Cum
333 3123 429 3178 autem
460 3119 594 3196 apprime
627 3116 740 3187 sciatis,
780 3112 973 3178 venerabiles
1007 3109 1140 3193 Fratres,
1178 3131 1295 3176 omnem
1327 3131 1410 3196 spem

134 3225 281 3288 Nostram
303 3221 334 3286 in
357 3222 422 3284 lleo
444 3222 513 3284 esse
535 3221 748 3311 roborandam,
778 3223 827 3305 qui
849 3221 968 3284 adiutor
990 3230 1019 3282 et
1039 3220 1186 3300 refugium
1208 3228 1254 3282 est
1274 3227 1411 3288 noenum

132 3335 166 3393 in
191 3324 436 3391 tribulationibus
458 3327 574 3390 nostris
598 3329 703 3409 quique
725 3325 861 3391 vulnerat
883 3335 912 3388 et
934 3324 1078 3404 medetur,
1109 3327 1235 3406 percutit
1263 3338 1293 3391 et
1315 3334 1411 3408 sanat,

131 3433 294 3497 mortificat
324 3440 354 3496 ot
383 3423 521 3512 vivificat,
552 3432 668 3497 deducit
698 3435 735 3497 ad
768 3433 879 3498 interos
909 3443 939 3496 et
960 3432 1091 3510 reducit3
1129 3433 1237 3510 iccirco
1269 3435 1299 3498 in
1331 3441 1412 3500 omui

131 3541 199 3614 lide,
232 3551 261 3602 et
294 3539 459 3605 bumilitate
490 3540 589 3604 cordis
620 3540 717 3605 nostri
747 3541 885 3604 assiduas
914 3539 1217 3623 ferventissimusque*
1241 3541 1279 3604 ad
1301 3530 1411 3622 lpsum,

131 3647 271 3712 adbibito
302 3651 333 3709 iu
365 3649 470 3730 primia
494 3635 699 3712 efficacissimo
729 3647 935 3712 Immaculatae
967 3645 1235 3731 Sanctissimaeque
1264 3649 1411 3730 Deiparao
1494 3640 1497 3646 ’

131 3755 271 3836 Virginis
293 3753 408 3818 lilariae
432 3757 610 3837 patrocinio,
637 3765 672 3818 au'
693 3756 833 3836 suffragio
856 3754 1014 3817 Beatorum
1036 3754 1116 3818 Patri
1138 3764 1168 3818 et
1189 3754 1284 3833 Pauli,
1306 3775 1411 3837 preces

133 3863 362 3926 effunderenou
386 3861 623 3940 intermittamus,
656 3871 687 3925 ut
708 3861 822 3926 iaciens
846 3865 1008 3944 potentiam
1032 3864 1063 3924 in
1085 3861 1205 3924 brachio
1228 3883 1284 3926 suo
1306 3865 1411 3928 iuimi-

134 3989 238 4032 eorom
262 3988 383 4034 suorum
406 3969 576 4052 superbiam
599 3965 701 4040 clidat,
732 3979 762 4031 et
785 3976 934 4050 expugnet
956 3971 1166 4052 impugnantes
1186 3989 1253 4048 nos,
1286 3964 1412 4058 omuca-

137 4097 192 4160 que
209 4076 362 4140 Ecclesiae
384 4095 455 4160 suae
476 4077 719 4168 sanctaesslrostes
743 4075 877 4138 bunriliet
898 4085 929 4142 ¹et
945 4083 1093 4155 conterat3
1116 4084 1202 4158 atque
1217 4080 1411 4161 omnipotenti

132 4205 205 4248 suae
227 4182 340 4265 gratiae
362 4182 469 4247 virtute
492 4184 613 4263 eiiciat,
637 4192 668 4246 ut
690 4183 821 4247 omnium
837 4185 1102 4265 praevaricantium
1117 4182 1207 4246 corde
1222 4187 1411 4265 resipiscant,

135 4291 229 4374 dequo
259 4289 447 4372 optatissima
469 4289 587 4368 illorum
601 4341 602 4346 1
618 4294 814 4355 conversione
836 4298 938 4354 sanctu
962 4299 1057 4354 mater
1078 4277 1213 4360 Ecclesia
1234 4308 1319 4380 quam
1342 4290 1410 4373 pri·
1499 4312 1502 4320 ·

134 4417 214 4461 mum
239 4393 372 4461 laetetur:
412 4437 414 4444 r

700 4600 704 4607 -
721 4598 865 4608 munna-m«.
