3400 5274
293 255 345 334 46
639 247 887 306 Pubdceticnsbulle
906 247 953 304 des
973 245 1034 305 bed.
1052 244 1221 302 concorden.

383 449 483 534 lisque
505 466 571 514 cum
594 447 763 513 huiusmodi
787 448 996 512 conventionis
1018 451 1107 544 pecte
1129 451 1160 507 et
1181 442 1362 507 concordata
1383 443 1415 505 in
1437 441 1573 506 omnibns
1611 445 1614 450 '

294 565 325 620 et
346 553 479 637 singulis
500 554 629 636 punctis,
652 556 802 626 clausulis,
826 552 961 618 articulis
984 561 1015 616 et
1036 550 1259 616 conditionibus
1281 557 1343 613 tum
1367 547 1495 613 eliobis
1511 557 1573 612 tum

300 661 536 734 eberenissimo
557 661 698 745 Principe
719 658 919 726 sevenico
942 660 1053 740 blegne
1074 657 1220 721 Bndsrum
1236 656 1318 720 Duce
1333 655 1443 721 inerint
1457 675 1574 739 sppro-

190 785 196 800 “
272 770 378 852 bete,
407 768 580 832 couiirmete
608 777 638 832 et
669 757 883 845 retificete,'et
901 784 978 850 ,cum
1007 769 1073 848 ipso
1104 762 1298 835 Grisissimus
1319 763 1462 846 Princeps
1485 761 1575 826 enixe

296 857 513 957 efflagiteserit,
537 882 570 940 ut
592 895 648 958 pro
670 874 794 938 firmiori
816 891 917 938 eorum
940 868 1147 952 subsistentia,
1168 871 1260 934 robur
1273 868 1462 953 Apostolicee
1476 869 1574 932 tirmi-

297 987 369 1046 trtis
391 981 597 1061 ediicercmns,
625 999 660 1044 ro
681 979 890 1046 solemniorem
903 980 1117 1064 ¹auctoritatem
1140 985 1170 1041 et
1193 976 1341 1043 decretum
1363 974 1574 1059 interponere·-

296 1110 375 1168 mus,
405 1089 473 1154 llos
504 1091 534 1151 iu
564 1089 693 1152 Domino
725 1089 813 1171 piene
842 1086 1023 1152 confidentes
1053 1087 1128 1166 iore,
1159 1091 1191 1150 ut
1212 1103 1269 1166 pro
1290 1102 1345 1148 sun
1366 1081 1574 1148 misericordie

297 1198 352 1260 bes
377 1194 506 1262 Nostros
530 1213 617 1258 errres
639 1202 673 1292 et'
691 1185 791 1259 studio
814 1195 861 1260 nd¹
875 1185 1096 1275 componendos
1119 1173 1283 1273 in‘bleguo
1298 1187 1445 1276 liederurn
1460 1190 1575 1252 Dncctu

297 1301 517 1368 ecclesiastices
546 1321 597 1366 ree
626 1301 740 1366 intente
768 1300 924 1366 uberrimis
946 1301 1063 1364 diviure
1093 1319 1165 1364 suec
1187 1302 1302 1380 gretiee
1324 1296 1413 1360 donis
1435 1300 1575 1379 prosequi

300 1410 451 1493 dignetur,
473 1427 513 1474 ex
536 1405 621 1474 certr‘
638 1407 772 1483 scientie,
804 1399 971 1473 structure
992 1385 1207 1470 deliberatione
1229 1405 1350 1474 Nostro,
1373 1403 1466 1486 deque
1486 1402 1575 1484 Apo·

302 1517 425 1582 stelione
440 1515 571 1581 Nostree
592 1515 750 1598 potestatis
771 1496 955 1597 plenitudine
969 1512 1157 1606 supredictrs
1172 1508 1403 1584 Consentiones,
1427 1506 1574 1590 Cepitrde,

301 1624 404 1700 Pecie,
444 1621 639 1696 Concordete,
678 1631 708 1684 et
740 1603 962 1685 concessiones
995 1629 1099 1684 tenore
1136 1619 1333 1701 praesentium
1367 1618 1575 1700 approbemus,

298 1729 491 1808 retiiienmns,
523 1737 552 1793 et
580 1735 775 1808 acceptemus,
795 1706 926 1811 'illisque
955 1727 1122 1809 Apostoiioi
1150 1726 1334 1798 muniminis,
1368 1735 1398 1788 et
1425 1724 1574 1788 firmitetis

297 1837 390 1910 robur
405 1842 490 1918 cique
505 1834 666 1898 efficacium
685 1819 884 1916 adiungimus,
907 1835 1064 1916 omnisque
1084 1837 1116 1896 iu
1139 1833 1178 1896 iis
1201 1841 1346 1905 contente,
1370 1833 1402 1896 ct'
1414 1817 1575 1915 ¹promisse

298 1945 424 2028 sincere,
452 1953 482 2006 et
508 1939 720 2036 iusiolebiliicr
749 1957 790 2004 ex
812 1939 932 2016 ¹Nostre
961 1948 992 2006 et
1013 1940 1138 2004 Senotee
1160 1941 1247 2004 Sedis
1276 1947 1361 2022 perte
1378 1938 1573 2022 ,adimpletum

298 2057 329 2112 rt
350 2055 503 2112 serentum
525 2049 565 2111 iri
586 2057 647 2110 tem
670 2049 785 2113 Nostro
809 2047 1332 2130 qnemduccessoruurblostrorum
1353 2041 1474 2112 nomine
1496 2065 1575 2128 pro·

299 2157 443 2222 mittimus
464 2172 499 2219 cc
521 2153 714 2248 spondemus.
860 2217 863 2226 ,

387 2263 500 2330 Maiori
522 2270 621 2354 nutem
644 2281 700 2346 qur
721 2278 878 2344 possumus
897 2264 1085 2328 contentione
1100 2264 1190 2328 etium
1205 2270 1294 2347 rtque
1307 2261 1395 2328 etiem
1409 2279 1574 2336 monemus,

299 2379 329 2435 et
350 2371 503 2436 bortemnr
531 2380 593 2434 tem
616 2369 819 2434 venerabilem
841 2371 975 2434 Fratrem
1009 2373 1042 2434 in
1064 2367 1168 2434 eodem
1190 2369 1303 2452 blegne
1324 2369 1440 2454 Ducetu
1462 2368 1575 2432 Arcbi-

299 2478 480 2560 episcopnm,
502 2481 564 2541 tum
587 2475 663 2544 elios
685 2495 788 2540 omues
812 2474 985 2558 catholicos
1005 2496 1060 2542 eeu
1075 2477 1296 2542 ecclesiasticos
1312 2495 1366 2548 sen
1382 2472 1478 2540 inicos
1492 2479 1575 2538 viros

297 2583 406 2647 inille
430 2584 549 2665 ¹lingue
577 2567 694 2647 Ducutu
722 2585 874 2665 degentes,-
907 2593 940 2649 ut
969 2587 1166 2669 unusquisque
1196 2604 1251 2667 pro
1282 2604 1350 2649 see·
1364 2589 1448 2665 purte
1477 2580 1576 2646 omnis

297 2693 475 2773 praemisse,
507 2697 537 2753 et
557 2690 712 2772 pecte-ed
733 2689 876 2756 iuniorem
898 2677 957 2756 Dei
978 2689 1117 2773 glorium,
1152 2690 1461 2778 cbristieni'nominis
1484 2689 1576 2754 decus

298 2803 434 2860 eccenetc
463 2805 594 2878 servent,
626 2816 662 2861 ec
694 2817 810 2862 summo
833 2797 1056 2862 studiosorum
1078 2815 1182 2861 omnes
1205 2793 1576 2879 curis,'cogitriionesquc

298 2921 417 2986 semper
437 2906 468 2967 in
491 2902 524 2978 id
545 2905 712 2981 conterent,
726 2901 771 2970 ¹ut
786 2905 954 2970 cetboiicec
977 2904 1129 2970 doctrines
1151 2905 1275 2987 peritus,
1307 2921 1342 2967 ec
1363 2902 1456 2968 divini
1479 2901 1576 2967 cultus

297 3013 386 3083 nitor,
410 3017 440 3074 et
455 2995 672 3098 eooleeiqsticeo
688 3011 861 3096 disciplinae
875 3009 1028 3097 splendor,
1052 3021 1083 3076 et
1096 3009 1364 3093 Ecclesieeicgum
1380 3010 1575 3083 observantis,

298 3135 470 3201 morumque
491 3118 637 3200 probiter,
659 3119 810 3192 honestes,
834 3127 871 3183 et·
887 3120 1066 3184 cbristirnee
1087 3110 1209 3200 pictetis
1230 3136 1265 3181 nc
1286 3117 1406 3183 uirtutis
1430 3137 1522 3199 umor,
1546 3125 1576 3180 et
1652 3183 1654 3188 ,

298 3243 389 3307 opers
412 3222 543 3307 quotidie
566 3226 663 3305 megin
688 3223 865 3306 refulgeret.

387 3329 587 3395 Decernentes
605 3330 733 3394 ‘sordem
761 3338 935 3413 praesentes
968 3331 1100 3395 Litterns
1128 3332 1359 3422 nullounquem
1381 3337 1516 3416 tempore
1534 3332 1577 3398 de

300 3435 556 3520 subrubreptionie
570 3445 600 3502 et
615 3437 808 3520 obreptionis.
833 3446 883 3500 cut
903 3437 1050 3501 nuditatis
1074 3436 1147 3501 vitio
1168 3439 1216 3502 vel
1238 3436 1413 3504 intentionis
1435 3440 1574 3513 Nostrae,

300 3549 351 3606 eut
381 3540 441 3613 clio
469 3538 659 3628 quocumque,
689 3543 832 3629 quemvis
852 3561 971 3625 mugno,
1002 3552 1052 3607 rut
1070 3539 1284 3627 ‘inexcogireto
1314 3547 1434 3610 deiectu
1466 3549 1574 3627 ueteri,

300 3656 351 3710 eut
372 3646 541 3730 impugnari
562 3671 663 3732 pesse,
695 3650 748 3714 sed
771 3669 890 3733 semper
912 3649 1022 3724 iirmes,
1047 3649 1163 3715 velides
1185 3659 1216 3716 et
1237 3653 1375 3717 eiieeces
1396 3657 1524 3718 existere
1547 3663 1577 3718 et

300 3755 375 3827 iore,
407 3773 533 3839 suosque
555 3752 708 3839 plenarios
731 3763 761 3841 et
782 3756 918 3838 integros
938 3759 1059 3822 edoctus
1081 3758 1184 3824 sortiri
1206 3766 1241 3822 et
1256 3760 1400 3841 obtinere,
1422 3769 1452 3824 et
1474 3763 1576 3824 invio-

197 3881 198 3886 *
233 3872 235 3876 ’
300 3859 430 3925 labiliter
449 3861 606 3926 observari
622 3861 736 3936 debere,
761 3881 909 3947 quousque
925 3859 1113 3940 conditiones
1135 3871 1165 3928 et
1187 3872 1271 3947 perir
1293 3869 1324 3930 iu
1349 3868 1491 3940 Tractetu
1514 3885 1576 3930 ex-

300 3985 406 4048 presse
427 3977 590 4034 serr'cntnr.
635 3972 704 4034 Non
726 3971 913 4035 obeteuenue
934 3967 1123 4052 Apostolicis
1146 3977 1176 4034 et
1198 3972 1406 4052 synodalibus,
1445 3973 1576 4038 Provin-

301 4073 427 4160 cinlibus
450 4084 480 4138 et
501 4073 729 4140 Universulibus
751 4076 909 4156 conciliis,
928 4076 1020 4142 editis
1043 4075 1232 4160 generalibus
1254 4079 1523 4147 Constitutionibus
1545 4089 1577 4144 et

286 4179 554 4275 ·0rdinstionibus,
577 4199 613 4244 no
627 4182 746 4250 Nostris
768 4193 798 4248 et
820 4183 1021 4249 Cencellerise
1043 4184 1241 4265 spostolicae
1256 4185 1379 4268 regulis,
1401 4188 1576 4270 pracsertim

303 4285 340 4350 de
362 4287 426 4350 inre
448 4289 584 4370 quereito
598 4308 658 4352 non
674 4288 815 4364 tollendo,
830 4308 886 4354 nec
900 4310 962 4356 non
978 4308 1223 4372 quarumcumque
1245 4291 1454 4372 Ecclssiernm,
1478 4293 1576 4378 Gepi-

305 4393 444 4474 tulorum,
467 4393 649 4478 eliorumque
672 4391 792 4462 Piorum
815 4397 963 4462 Locorum
985 4397 1220 4478 iundetionibns,
1243 4403 1331 4465 etiem
1353 4402 1575 4466 confirmatione

303 4500 487 4584 Apostolos,
510 4503 558 4566 vel
579 4503 682 4584 queris
706 4502 844 4568 drmitrte
859 4500 922 4568 elie
937 4503 1290 4589 roboretis,pririlegiis
1306 4525 1427 4592 quoque,
1449 4507 1576 4572 Induitis

305 4613 336 4674 et
350 4609 474 4676 Litteris
489 4608 673 4694 Apostolicis
695 4614 727 4674 in
749 4613 932 4699 contreriqm
954 4610 1175 4695 quomodolibet
1196 4613 1360 4695 concessis,
1382 4615 1575 4701 confirmetis,

304 4723 335 4780 et
344 4718 503 4797 innovetis,
518 4718 682 4800 ceterisque
697 4717 1109 4802 contrariisquibuscnmque.
1131 4714 1250 4798 Quibus
1261 4720 1399 4787 ‘omuibus
1408 4731 1439 4786 et
1449 4720 1576 4806 singuiis

305 4823 424 4890 illorum
446 4827 567 4890 nubree
590 4844 644 4908 pro
667 4825 831 4909 expressis,
855 4834 885 4890 et
907 4824 947 4890 ed
968 4826 1089 4892 verbum
1108 4824 1230 4895 insertis
1249 4826 1403 4910 mernere,
1423 4825 1486 4894 illis
1499 4829 1574 4894 elirs
