3434 5284
276 225 355 306 340
380 226 489 279 neuen
505 223 531 277 s
551 223 582 280 c.
599 221 821 290 oengusum
844 221 870 275 a.
887 221 914 276 s.
932 220 991 278 ssa
1009 217 1076 276 teti
1102 221 1137 274 ae
1153 223 1237 275 resa
1256 218 1439 275 suasurus
1554 177 1557 182 ⁵

276 418 478 505 Regularinnn.
509 425 539 487 2.
562 415 649 500 ouon
670 418 702 484 id
719 419 770 484 frat
785 416 823 484 de
837 416 996 483 consensu
1011 413 1163 484 crdlnsrii
1176 423 1207 482 st
1220 434 1287 482 aum
1301 413 1427 485 Litteris
1440 414 1545 481 Testi-

274 509 454 577 monialibus
482 508 622 598 ejusdem.
669 515 699 576 3.
722 503 813 588 Quod
835 505 1078 572 conhatemiuti
1108 508 1261 571 institutae
1291 505 1340 569 sel
1369 512 1547 588 aggregatae

274 619 419 684 expresse
448 607 478 664 at
504 605 535 663 in
564 600 665 682 spanis
694 597 945 663 eommuniaeutur
974 597 1133 680 Prisilegia
1163 603 1193 662 et
1214 593 1419 678 Indulgentiae
1441 593 1548 658 Ordini

275 688 440 754 instituenti
466 686 513 752 vel
543 689 717 770 aggreganti
745 691 919 751 nominatim
948 704 1099 765 eoum,
1133 705 1194 750 non
1217 705 1287 750 vero
1309 705 1344 748 ea
1366 684 1472 766 quibus
1493 702 1549 765 per

275 775 461 860 privilegium
490 775 764 842 eommuniastionis
794 777 911 858 gaudet.
953 785 983 843 t·
1012 770 1100 855 ouon
1129 777 1246 840 sutum
1269 763 1549 840 confraternitatum

276 871 480 931 examinentur
508 866 545 930 ab
569 866 728 932 Ordinatio
761 862 822 930 loal
852 873 882 928 et
909 864 1074 930 abeodem
1096 865 1207 945 norrigi
1229 865 1358 951 possint
1405 869 1435 928 5.
1460 857 1549 942 onon

275 958 387 1037 gratiae
416 963 446 1019 et
472 954 674 1040 Indulgentiae
704 952 947 1018 confraternitati
975 953 1205 1018 communicatae
1234 953 1355 1035 praevia
1376 952 1550 1034 cognitione

277 1043 431 1110 Ordinarii
454 1045 609 1108 dumtaxat
631 1042 862 1127 promulgentur.
909 1050 940 1110 a.
968 1038 1057 1122 Quos
1080 1041 1320 1108 confraternitas
1343 1041 1549 1120 eleemosynas

275 1137 409 1216 excipiat
430 1143 460 1198 et
481 1141 583 1215 eroget
594 1132 685 1219 juxta
700 1132 825 1196 formam
840 1151 895 1215 per
911 1131 1100 1197 ordinarium
1115 1131 1387 1214 praeseribeudum.
1412 1136 1442 1197 7.
1460 1125 1551 1209 Quod

275 1224 409 1305 Litterae
432 1223 592 1287 ereetiouis
614 1230 644 1286 et
665 1221 886 1303 aggregationis
910 1224 1004 1303 gratis
1028 1224 1149 1285 omnino
1171 1238 1207 1284 ao
1222 1219 1307 1285 nulls
1322 1239 1551 1309 prorsusmer·

278 1313 349 1376 aede
365 1308 467 1376 'etiam
496 1331 513 1374 a
539 1319 648 1393 sponte
670 1311 810 1374 dantibus
833 1309 889 1373 sub
912 1317 1068 1392 praetextu
1091 1329 1204 1393 quoque
1226 1329 1324 1374 merae
1347 1307 1550 1388 eleemosynae

276 1408 397 1483 aooepte
426 1400 562 1482 expediri
593 1411 623 1463 et
650 1400 771 1463 aoneedi
801 1402 931 1482 possint,
964 1408 995 1463 et
1023 1399 1210 1464 solummodo
1240 1397 1326 1464 titulo
1349 1416 1551 1481 expensarum

277 1510 335 1573 pro
350 1508 538 1572 pergamena,
562 1491 716 1570 scriptura,
740 1489 787 1552 vel
802 1489 1011 1570 impressionis
1026 1489 1190 1570 stipendio,
1212 1490 1378 1571 sigillorum
1393 1486 1550 1570 expensis,

277 1578 417 1658 cordulis,
440 1596 517 1656 nera,
539 1579 698 1642 suretuti
720 1577 903 1660 Notariiqud
916 1575 1016 1640 labora
1037 1574 1088 1642 sel
1109 1578 1244 1642 mercede
1267 1576 1390 1660 aliisque
1411 1577 1550 1640 omuibus

278 1687 343 1746 eam
366 1672 556 1750 quantitatem
586 1685 658 1749 quae
681 1686 740 1730 non
763 1669 888 1755 excedat
918 1683 1062 1730 summam
1085 1675 1237 1731 enatorum
1260 1685 1315 1730 sex
1337 1674 1472 1730 monetae
1493 1685 1552 1729 ro-

276 1775 382 1820 manae
403 1761 434 1819 in
457 1755 549 1828 ltalia
571 1765 611 1819 'et
632 1765 719 1820 extra
739 1775 800 1820 non
823 1755 948 1820 excedat
970 1773 1116 1819 summam
1137 1752 1305 1820 libellorum
1328 1755 1417 1836 vulgo
1436 1757 1552 1834 (ranae

277 1846 400 1927 triginta
423 1866 478 1926 pro
501 1845 621 1926 singula
640 1845 805 1910 istitutione
827 1845 876 1908 vel
897 1845 1112 1926 aggregatione
1134 1849 1268 1927 resipere
1289 1845 1376 1908 lineat
1406 1849 1438 1911 8.
1461 1839 1550 1923 Quoi

153 1935 154 1938 ’
276 1931 395 2015 singula
425 1935 473 1997 hie
502 1935 638 1996 mandata
668 1942 698 1997 et
719 1952 864 2015 expressa
885 1934 916 1996 in
940 1933 1077 1997 omnibus
1098 1934 1163 1999 suls
1187 1934 1323 2016 partibus
1344 1930 1470 1997 fideliter
1492 1933 1552 1997 ob-

277 2023 449 2102 serventur,'
476 2041 564 2086 senos
585 2023 784 2086 institutiones
804 2025 852 2088 vel
874 2028 1101 2106 aggregationes
1123 2031 1153 2088 et
1175 2025 1456 2089 eommunieatlones
1480 2021 1552 2085 Pri-

277 2112 465 2192 stiagiorum
488 2119 517 2174 et
538 2110 787 2192 indulgentiarum
809 2113 917 2176 nullius
939 2116 1001 2176 sint
1021 2113 1141 2177 roboris
1165 2119 1196 2176 ut
1211 2112 1360 2185 momenti,
1384 2118 1414 2175 at
1429 2109 1553 2195 quilibet

279 2200 470 2282 Superiorem
500 2208 586 2283 atque
610 2198 788 2264 theialinm
818 2203 995 2283 privationis
1019 2200 1192 2268 Ofiioiorum
1214 2221 1287 2285 quae
1309 2202 1444 2265 obtinent
1466 2206 1553 2284 atque

278 2288 476 2353 inhabilitatis
498 2289 536 2351 ad
558 2286 615 2351 illa
638 2289 747 2352 etalio
770 2291 800 2353 in
824 2298 978 2370 posterum
1008 2291 1168 2355 obtinenda
1189 2310 1317 2373 poenam
1347 2311 1383 2354 eo
1406 2293 1476 2371 ipso
1499 2294 1552 2352 iu-

280 2387 401 2442 nurrant
424 2397 497 2460 quae
519 2377 556 2441 ab
579 2377 638 2440 alio
661 2385 747 2460 qoam
769 2398 786 2440 a
808 2373 943 2443 Romano
964 2379 1107 2444 Pontiilae
1129 2385 1241 2443 remitti
1262 2397 1324 2444 non
1345 2384 1455 2462 possit.

367 2465 401 2530 ln
425 2486 546 2549 quorum
569 2465 769 2530 testimonium
792 2467 847 2530 hae
871 2465 987 2532 litteras
1000 2469 1065 2532 lieri
1082 2478 1113 2533 et
1126 2488 1181 2551 por
1195 2467 1339 2534 Nostrum
1355 2467 1553 2533 Seuetmium

279 2553 430 2619 subscribi
472 2564 503 2619 et
547 2555 693 2638 publiesri
734 2555 937 2621 mandavimus
975 2556 1134 2643 sigilloque
1170 2557 1263 2644 ofioii
1298 2562 1397 2622 nostri
1433 2557 1552 2622 munbi.

281 2644 390 2708 Datum
413 2651 468 2708 ete.

280 2818 422 2888 Famula
453 2821 607 2887 seruanda
633 2821 668 2886 s‘u
696 2820 1065 2907 distentionesque
1088 2807 1502 2903 Arehs'eousrateests'tutsbos
1524 2828 1557 2890 et

300 2911 590 2999 congregationum
603 2931 658 2996 pro
673 2914 890 2998 aggregatione
903 2913 1202 2993 Confratasts'tatum
1211 2917 1244 2978 et
1253 2911 1531 2999 Congregata'ouum.
1552 2937 1554 2948 *

639 3019 765 3085 Dileatis
788 3019 885 3085 Nobis
908 3022 939 3084 in
962 3017 1087 3086 christo
1108 3019 1314 3086 confratribus
1337 3021 1492 3086 confutatis
1514 3022 1553 3086 N.

684 3109 716 3172 in
749 3107 883 3174 Euolesia
916 3107 956 3173 Ν.
988 3108 1182 3184 ΑιιοιοιιιιιιιιΙ
1200 3109 1240 3174 Ν.
1272 3111 1411 3176 eanonioe
1440 3117 1556 3176 areetae

686 3193 820 3261 Salutem
842 3202 874 3262 iu
896 3198 1026 3263 Domino
1048 3200 1270 3282 sempiternam.

369 3305 433 3369 Nos
463 3303 512 3387 qui
535 3300 626 3390 juxta
649 3302 750 3370 thoii
771 3305 878 3369 Nostri
900 3304 1031 3369 debitum
1053 3305 1197 3371 Fidelium
1221 3307 1357 3384 salntem,
1379 3305 1557 3389 pietatisque

280 3412 316 3456 aa
338 3391 503 3476 Religionis
526 3411 721 3475 progressum
748 3411 910 3475 proaurare
932 3395 1073 3460 debemus
1095 3393 1223 3462 libenter
1244 3402 1365 3462 nostrae
1386 3396 1557 3462 hrahioon-

282 3483 464 3548 frsteruitati
485 3477 561 3544 alies
584 3480 720 3566 eJusdem
742 3480 874 3548 lustituti
896 3480 1157 3549 confraternitatis
1180 3483 1373 3571 adjungimus
1395 3494 1425 3549 et
1445 3503 1558 3566 aggre-

281 3591 395 3653 gamus,
429 3567 549 3653 illisque
578 3578 623 3634 sio
651 3575 822 3655 aggregatis
851 3569 1055 3654 indulgentias
1085 3572 1242 3638 faaultates
1273 3582 1302 3638 et
1328 3572 1447 3639 lndolta
1463 3573 1557 3658 juxta

282 3657 450 3726 faaultatem
478 3659 566 3722 uobis
594 3679 612 3722 a
634 3661 762 3724 Summis
783 3660 978 3726 Pontihaibus
1001 3680 1174 3727 ooneessom
1196 3658 1496 3746 impertinentia·
1519 3661 1557 3726 da

282 3769 316 3814 ra
330 3765 404 3813 laum
425 3750 464 3813 Ι).
488 3747 527 3813 Ν.
550 3747 684 3835 eJ'osdem
708 3747 969 3814 confraternitatis
993 3751 1173 3818 Pronurator
1188 3753 1432 3834 aggregationem
1446 3749 1557 3835 hujus-

282 3837 364 3902 modi
387 3847 416 3904 et
437 3836 689 3918 lndolgautiarum
719 3842 1013 3905 commonieatiouem
1040 3847 1130 3906 enixa
1157 3840 1359 3923 postulaverit'
1388 3843 1455 3906 Nos
1477 3841 1558 3904 Pro·

283 3936 394 4005 tentor,
425 3925 527 4004 Prior,
558 3936 588 3990 ot
610 3926 756 4000 Custodes
783 3929 928 4010 praedicti
958 3939 1050 3995 totam
1072 3932 1169 4013 ipsam
1191 3929 1557 4000 hrahieonirateruitatem

283 4023 542 4098 repraesentantes
565 4014 782 4080 constitutioni
804 4017 988 4084 inhaerentes
1002 4020 1052 4084 iol.
1068 4038 1128 4087 rea.
1146 4019 1308 4084 clementis
1323 4018 1398 4084 viii
1415 4019 1558 4101 insipien.

286 4105 492 4188 Quaecumque
520 4105 568 4168 die
598 4112 630 4172 7.
652 4105 826 4169 Deoembris
860 4113 942 4174 tuos
975 4128 1067 4190 super
1095 4107 1267 4196 hujusmodi
1297 4108 1557 4191 aggregationibus

275 4205 315 4258 ‚et
338 4195 487 4259 coelestis
513 4192 664 4259 linolesiae
687 4195 835 4260 Thesauri
864 4199 1130 4262 eommuniaatione
1156 4198 1252 4262 editae
1281 4219 1338 4263 una
1368 4216 1434 4262 aum
1456 4198 1559 4260 saria·

285 4285 414 4348 tionibus
436 4283 607 4364 approbatis
630 4305 648 4347 a
671 4287 723 4348 ΝΒ.
747 4286 785 4349 l).
809 4286 847 4349 Ν.
872 4285 926 4348 Ρίο
948 4285 1005 4352 ΡΡ.
1028 4285 1078 4350 iii.
1101 4307 1156 4370 por
1178 4287 1336 4352 Decretum
1366 4289 1396 4352 S.
1418 4285 1560 4370 congre-

284 4373 417 4450 gationis
440 4369 691 4454 lndolgautiarum
722 4373 769 4436 dia
798 4378 827 4440 8.
851 4373 988 4438 ianuarii
1013 4379 1094 4442 1861
1124 4376 1172 4440 his
1203 4378 1315 4441 uostris
1338 4376 1462 4441 Litteris
1492 4372 1559 4439 solo

284 4461 342 4526 Del
365 4482 465 4526 amore
488 4480 523 4524 aa
544 4456 668 4544 pietatis
685 4461 906 4547 Religionisque
929 4463 1115 4531 christianae
1130 4467 1281 4550 augemus
1297 4467 1364 4531 selo
1379 4463 1460 4529 dooti
1475 4463 1560 4528 con·-

285 4605 497 4623 *ιιι-..ιι

360 4670 384 4738 ¹)
402 4673 502 4724 Dioitar
525 4676 554 4726 ἔτι
577 4675 797 4727 substantialibus
822 4681 951 4741 quatenus
975 4691 1029 4729 uon
1050 4681 1087 4729 sit
1110 4684 1218 4732 uetitum
1244 4681 1342 4732 addere
1360 4681 1404 4730 vel
1420 4681 1561 4729 immutare
1595 4697 1602 4706 ··

283 4747 379 4811 aitqua
397 4747 425 4797 in
444 4748 537 4796 eadem
555 4759 624 4811 quae
642 4750 811 4800 substantiam
828 4762 879 4799 non
898 4750 1020 4802 muniant
1055 4751 1181 4804 Audendo
1207 4754 1276 4804 eiam
1293 4753 1318 4804 ai
1334 4752 1411 4806 iubat
1428 4763 1495 4818 quas
1512 4743 1561 4804 τό·

287 4817 404 4882 sprerunt
421 4818 571 4914 originem
582 4821 771 4884 praenuntiam
785 4825 839 4876 ste.
854 4819 993 4875 Seustatio
1010 4819 1193 4892 segregantis.
1463 4818 1467 4822 ’
1542 4819 1547 4826 ’
