3400 5274
486 208 635 310 Piprtllcbe
652 246 799 302 dllocotlen
816 258 877 302 rem
896 247 939 302 28.
956 238 1029 314 'sept
1050 243 1127 304 laco.
1395 253 1446 328 39

202 439 475 496 sanctissimi
496 440 670 498 nomini
694 441 835 520 Noctu-l
865 440 939 501 1¹66
968 441 1116 512 nivino
1145 443 1410 510 Providentia

421 596 424 604 ,
534 541 539 549 ’
631 573 634 601 ,
687 535 838 600 Papae
858 533 926 590 ΙΙ.

655 619 959 677 Alloeutlo

310 713 402 763 lleblta
420 719 448 766 lu
468 714 629 766 Consistorle
647 705 756 766 S'eercte
776 716 826 766 lile
843 715 948 766 Xllvlll
967 717 1129 784 Septembris
1146 715 1305 771 boccourt.

535 817 843 885 VENEBABILES
867 818 1087 899 FRATRES!

219 903 372 1048 Nouos,
404 952 434 1010 et
463 951 531 1010 anta
553 946 631 1010 hunc
654 946 732 1009 diem
754 945 905 1010 inauditos
935 965 1027 1012 ausos
1057 967 1076 1011 a
1103 945 1266 1031 Sobulpino
1294 948 1446 1017 (lebarnio

165 1059 271 1119 contra
293 1053 369 1128 Nos,
390 1054 469 1118 lianc
492 1041 701 1138 Apostolieam
725 1054 843 1133 Sedem,
867 1061 897 1117 et
913 1052 1099 1119 Catholicem
1114 1055 1278 1122 Ecclesiam
1293 1057 1446 1124 edmisaoa

165 1161 263 1226 denuo
286 1180 352 1224 com
374 1159 543 1258 incredibili
566 1161 658 1224 enimi
680 1161 788 1260 Nostri
811 1159 915 1225 dolore
937 1161 985 1226 vel
1007 1181 1145 1229 moerore
1166 1163 1267 1246 potius
1291 1163 1446 1249 deplorare

165 1285 202 1344 ac
217 1251 361 1332 detestari
384 1269 531 1354 cogimur,
554 1267 747 1331 venerabiles
770 1267 904 1332 Fratres.
910 1267 1039 1358 ipsum,
1062 1271 1104 1334 oti
1128 1270 1240 1350 nostis,
1262 1255 1454 1338 Gabernium'

164 1374 291 1461 victoria
322 1355 456 1454 abutens,
498 1393 584 1457 quam
612 1373 772 1439 bellicosae
804 1395 987 1466 magnaeque
1018 1378 1147 1470 nationis
1179 1377 1284 1462 opibus
1315 1381 1446 1446 adiutum

165 1502 207 1552 ιιι
228 1471 438 1547 funestissimo
461 1481 539 1546 bello
562 1486 734 1582 reportavit,
762 1502 847 1548 suum
870 1506 925 1567 per
946 1482 1061 1548 ltaliam
1083 1504 1209 1568 regnum
1229 1493 1333 1583 contra
1347 1489 1446 1552 omnia

166 1591 269 1657 divino
303 1599 332 1652 et
365 1589 493 1652 bumana
526 1591 590 1652 lora
624 1588 800 1664 extendens,
839 1589 961 1673 populis
995 1591 1033 1655 ad
1065 1591 1260 1659 rebellionem
1295 1573 1446 1674 ciuitatis,

165 1696 367 1782 legitimisque
391 1693 578 1778 Principibus
600 1715 639 1761 ex
662 1698 786 1780 propria
808 1698 1011 1786 dominatione
1034 1720 1088 1782 per
1110 1720 1254 1765 summam
1269 1704 1444 1766 iniustitiam

165 1805 313 1886 expulsis,
338 1795 452 1890 aliquot
472 1803 646 1868 Pontificiue
668 1805 797 1868 Nostrae
820 1808 851 1868 ln
874 1779 1002 1870 Aemilia
1025 1809 1147 1871 ditionis
1170 1811 1341 1890 provincias
1362 1808 1445 1875 iuiu-

165 1914 304 1976 stissime
334 1929 368 1973 oe
397 1925 523 1994 prorsus
553 1893 703 1992 sacrilego
734 1931 809 1984 auso
840 1918 952 1977 invasit
981 1903 1022 1978 atv
1040 1920 1202 2002 usurpavit.
1247 1917 1325 1981 Dum
1348 1923 1445 1981 autem

166 2018 325 2082 universos
348 2013 525 2081 catholicus
548 2018 640 2084 Orbis
663 2016 874 2084 iniustissimis
898 2022 1142 2106 gravissimisque
1164 2023 1290 2088 Nostris
1313 2043 1444 2106 respen-

165 2127 238 2188 dens
262 2126 388 2209 querelis
412 2132 517 2203 contre
538 2123 615 2188 bano
637 2123 760 2208 inpium
784 2130 1009 2217 usurpationem
1031 2129 1219 2217 vehementer
1242 2127 1369 2195 clamare
1383 2145 1443 2194 non

165 2233 292 2310 desinit,
307 2231 385 2295 idem
410 2233 591 2296 Gubernium
614 2229 689 2294 alias
712 2231 801 2296 leuius
824 2233 950 2296 Sanctae
973 2234 1060 2298 Sedis
1084 2235 1253 2316 provincias
1275 2238 1306 2326 in
1323 2236 1443 2317 Piceno,

164 2339 300 2418 Umbria,
330 2347 360 2402 et
388 2337 570 2403 Patrimonio
598 2337 673 2401 sites
703 2339 761 2401 sibi
784 2338 936 2403 vindicare
959 2341 1123 2405 constituit
1169 2343 1210 2412 At
1232 2361 1298 2439 cum
1320 2342 1443 2422 videret,

164 2465 286 2512 eurum
297 2446 516 2528 provinciarum
547 2443 674 2528 populos
706 2450 790 2510 omni
818 2448 932 2528 perleui
962 2447 1204 2544 tranquillitate,
1217 2429 1325 2534 eosque
1346 2450 1443 2514 Nobis

163 2553 291 2618 fideliter
306 2543 495 2624 NJodlueorere
508 2570 564 2617 nec
585 2571 673 2636 posse
697 2552 831 2634 pecuniis
853 2554 977 2636 largiter
992 2536 1137 2638 profusis,
1158 2545 1283 2642 aliisquo
1298 2557 1442 2640 improbis

162 2661 304 2725 adhibitis
327 2658 406 2725 dolis
430 2681 448 2723 a
471 2656 621 2744 legitimo
628 2661 753 2739 Nostro,
785 2666 815 2722 ct
843 2657 929 2724 buius
958 2664 1084 2749 Sanctae
1105 2659 1193 2740 Sedis
1216 2662 1328 2726 civili
1318 2666 1443 2745 imperio

163 2766 288 2831 alienari
318 2785 353 2831 rc
384 2765 496 2846 divelli,
511 2827 515 2832 ,
528 2767 649 2832 iccirco,
668 2763 738 2828 in
729 2783 812 2848 upsas
834 2772 1005 2848 provincias
1028 2768 1154 2833 immisit
1176 2776 1237 2834 tum
1259 2771 1443 2852 perditorem
1535 2757 1537 2762 ’

161 2876 314 2962 bominum
337 2895 464 2948 manum,
490 2873 539 2957 qui
561 2873 663 2938 turbas
686 2871 919 2957 seditionemque
941 2874 984 2938 ibi
1007 2875 1198 2950 excitarent,
1206 2886 1267 2940 tum
1290 2878 1442 2959 ingentem

162 3003 250 3046 suum
273 2967 449 3064 exereitum,
484 2974 538 3102 qul
562 2979 682 3044 easdem
710 2981 880 3064 provincias
910 2983 1014 3046 hostili
1036 2983 1157 3064 impetu,
1180 3002 1389 3068 armorumque
1411 2987 1442 3048 vi

163 3090 333 3154 subiicerct

252 3198 372 3280 Optime
396 3198 505 3306 nostis,
529 3152 721 3271 venerabiles
743 3177 874 3274 Fratres,
897 3197 1107 3280 impudentes
1106 3199 1223 3261 litteras
1239 3197 1441 3280 aSubalpino

165 3306 320 3372 Gubernio
357 3301 420 3368 ed
431 3324 519 3368 soum
551 3303 690 3368 tuendum
720 3301 909 3368 latrocinium
944 3307 1059 3370 Nostro
1089 3301 1240 3370 cardinali
1268 3325 1285 3366 a
1314 3306 1441 3402 publicis

162 3412 295 3495 negotiis
317 3415 455 3495 scriptas,
487 3410 593 3498 quibua
622 3409 700 3476 haud
723 3411 840 3478 erubuit
862 3403 1007 3485 nuntiare,
1039 3432 1073 3475 se
1094 3410 1156 3476 auis
1175 3409 1275 3500 copiis
1298 3411 1329 3476 in
1351 3431 1441 3502 mun-

164 3521 242 3616 datis
266 3518 395 3592 dedisse,
429 3528 460 3583 ut
483 3523 728 3583 commemoratas
751 3519 880 3584 Nostros
903 3517 1071 3602 provincias
1095 3526 1282 3601 occuparant,
1304 3521 1365 3584 nial
1374 3520 1440 3585 di·

163 3608 353 3692 mitterentur
375 3625 473 3690 exteri
496 3625 631 3716 hemines
654 3620 800 3707 adscripti
821 3644 913 3708 parvo
937 3625 1048 3691 Nostro
1069 3625 1224 3714 enereitui,
1248 3627 1296 3711 qul
1320 3633 1439 3690 eetero-

164 3738 232 3818 quin
257 3734 294 3797 ad
317 3733 489 3798 Pontificiae
513 3707 646 3806 ditionis,
669 3732 790 3816 eiusque
812 3729 986 3824 populorum
1003 3732 1246 3816 tranquillitatem
1263 3732 1438 3798 servandam

162 3845 260 3908 iuerat
282 3842 455 3922 instructos.
501 3841 565 3905 Neo
588 3842 747 3922 ignoratis,
770 3861 789 3904 a
811 3841 980 3922 Subalpiuis
1000 3841 1103 3922 copiis
1123 3839 1242 3904 eusdem
1265 3843 1438 3922 provincias

161 3955 228 4031 ipae
260 3949 326 4014 lere
357 3949 491 4030 tempora
522 3947 617 4013 luisse
654 3929 825 4038 occupatos,
858 3968 915 4030 que
931 3945 1021 4038 ‚illae
1059 3946 1175 4035 littoreo
1211 3949 1438 4032 accipiebantur.

163 4056 320 4138 Equidem,
335 4075 423 4120 nemo
453 4075 512 4118 non
542 4060 642 4138 potest
664 4073 724 4131 non
746 4074 927 4137 magnopere
949 4059 1138 4140 commoveri,
1172 4063 1201 4118 et
1221 4074 1336 4118 somma
1360 4055 1438 4119 uilici

162 4162 369 4244 indignatione
400 4171 540 4244 repetens
571 4161 727 4226 mendaces
759 4162 989 4235 criminationes,
1027 4162 1180 4246 variasque
1211 4157 1377 4225 calumnias
1408 4171 1438 4226 et

162 4269 366 4347 contumelias,
389 4269 495 4352 qulbus
518 4267 597 4333 idern
620 4269 803 4336 Gubernium
818 4268 896 4354 baud
911 4267 1001 4350 pudet
1016 4268 1185 4333 huiusmodi
1200 4287 1285 4332 suam
1299 4268 1437 4334 hostilem

162 4379 337 4458 impiamque
366 4382 472 4440 eontra
499 4375 616 4456 ciuilem
647 4379 796 4442 Romanae
817 4375 973 4440 Ecclesiae
990 4376 1189 4459 principatum
1213 4375 1436 4459 aggressionem

161 4492 269 4566 tegere.
297 4482 497 4568 Nostrumque
527 4482 708 4548 doberniam
738 4487 888 4565 impetere.
935 4483 1042 4566 Ecquis
1066 4485 1143 4547 euim
1166 4502 1227 4548 nen
1249 4503 1436 4566 summopere

162 4579 287 4654 miretur
308 4589 440 4665 audiens,
464 4590 607 4670 Nostrum
630 4589 808 4675 reprebendi
829 4589 1021 4669 Gubernlum,
1044 4600 1201 4674 propterea
1223 4589 1301 4672 quod
1323 4593 1435 4672 Nostro

163 4699 310 4761 exercitui
326 4700 459 4761 externi
489 4697 623 4762 homines
651 4698 764 4764 fuerint
790 4695 945 4779 adscripti,
985 4714 1051 4762 eum
1073 4715 1177 4760 omnes
1205 4704 1332 4760 noscant
1362 4697 1436 4760 nulli

161 4799 299 4888 legitime
321 4804 472 4896 Gubernio
503 4801 644 4890 denegari
672 4823 798 4888 uuquam
820 4823 913 4887 peasa
935 4806 982 4868 ies
1005 4801 1164 4887 coaptandi
1185 4804 1217 4866 in
1240 4820 1309 4868 suas
1331 4805 1433 4885 coplas
