3426 5268
371 300 376 311 ,
405 282 407 285 -
481 243 832 312 mesenensem
855 242 947 304 999
960 241 1140 305 nornen.
1365 222 1448 325 ,999

162 440 330 521 regiminis
352 451 515 526 systemate
537 462 683 510 concessa
705 443 841 526 9199999,
860 455 894 510 9
914 445 1115 510 conscientias
1130 447 1296 528 exagitent,
1317 447 1348 508 et
1362 445 1449 510 inir-

159 551 241 597 samos
264 531 304 596 ad
324 533 588 616 praevaricandum
611 536 775 618 impellunt
805 545 834 600 99
856 539 965 600 nubere
993 536 1096 618 199999
1119 539 1150 598 19
1172 538 1357 618 turpissimis
1378 539 1449 618 qui-

173 621 286 704 busque
308 622 454 688 doctrinis
477 623 652 703 919999999,
685 635 715 688 99
737 622 852 689 Christi
872 631 985 688 vestem
1009 621 1140 689 lacerare
1163 624 1352 703 contendunt,
1382 632 1449 689 clam

173 711 294 776 minime
316 713 515 778 reformident
536 712 721 785 Nationales,
744 718 788 778 uti
810 715 922 790 dicunt,
944 713 1112 791 Ecclesiae,
1145 715 1277 797 aliasque
1299 708 1331 798 id
1354 733 1450 795 genus

173 799 341 882 impietates
369 822 535 885 proponere
562 821 598 866 99
615 803 769 867 ,99919991
803 802 962 886 Postquam
993 823 1064 866 9999
1093 803 1135 866 ita
1156 806 1299 886 religioni
1318 801 1450 867 insulta-

172 889 280 970 verint,
302 911 388 974 quam
408 911 465 976 999
487 893 680 974 hypocrisim¹
693 891 823 956 19919999
837 901 870 958 99
884 910 951 956 cuns
966 892 1109 956 hodierna
1123 891 1268 957 civilitate
1284 893 1451 974 conveniat,

173 999 236 1044 999
258 981 395 1049 dubitant
416 980 483 1064 pari
503 1001 571 1045 cum
592 981 747 1062 hypocrisi
762 983 827 1046 Nos
842 985 976 1046 excitare
990 989 1022 1044 ut
1037 999 1103 1045 cum
1118 979 1206 1045 199119
1218 981 1450 1046 reconciliemur.

174 1069 301 1144 99111999,
327 1089 393 1134 cum
416 1072 498 1136 omni
520 1070 582 1135 1999
604 1068 687 1132 919111
708 1069 822 1134 Nostro
844 1073 1012 1153 principatu
1033 1071 1154 1151 spoliati
1175 1071 1349 1152 gravissima
1366 1072 1451 1136 Pon-

174 1159 262 1224 tilicie
283 1167 315 1224 99
335 1160 483 1244 Ρ91991919
512 1178 602 1224 99999
632 1164 829 1224 sustineamus
860 1163 922 1242 piis
951 1159 1123 1223 Catholicae
1144 1160 1295 1242 Ecclesiae
1322 1159 1450 1226 91199999

173 1245 382 1330 largitionibus
404 1249 534 1332 quotidie
555 1248 753 1312 amantissime
774 1250 812 1311 ad
834 1247 899 1314 1199
920 1248 1036 1327 missis,
1058 1267 1182 1332 eumque
1205 1249 1299 1332 gratis
1322 1251 1450 1314 invidiae
1468 1321 1469 1329 q

170 1346 203 1402 99
225 1340 288 1403 9111
317 1344 438 1420 siguum
464 1338 538 1403 19991
566 1339 660 1401 simus
681 1357 784 1402 eorum
806 1342 940 1420 ipsorum
962 1357 1061 1420 opera,
1100 1343 1151 1420 qui
1174 1341 1410 1404 conciliationem
1431 1358 1451 1404 a

173 1426 463 1510 1191199999919999Ι
499 1421 531 1490 11
551 1425 663 1490 9911999
685 1434 846 1507 praeterea,
877 1431 1030 1508 ut'palum
1053 1428 1271 1492 declararemus
1294 1435 1451 1510 usurpatas

174 1516 347 1582 Pontiheiae
369 1517 498 1582 Nostrae
528 1515 651 1580 ditionis
672 1516 845 1580 Provinciae
875 1518 907 1581 in
930 1515 1054 1580 liberam
1078 1523 1286 1599 usurpatorum
1309 1522 1451 1601 proprie-

174 1614 265 1671 tatem
294 1606 410 1672 cedere
456 1601 692 1692 9)(1999999
722 1607 824 1668 audaci
853 1616 897 1670 99
914 1605 1058 1670 19999999
1086 1609 1218 1671 19991199
1248 1610 1451 1691 postulatione

175 1706 357 1778 quaererent,
381 1699 471 1761 9991
494 1695 739 1776 9999999991199
762 1695 848 1770 Sede,
870 1716 945 1779 quaa
966 1715 1084 1776 semper
1106 1695 1162 1761 luit
1185 1707 1220 1760 99
1236 1699 1294 1760 9919
1315 1699 1451 1761 999199919

174 1787 359 1869 iustitiaeque
381 1786 644 1868 propugnaculum,
666 1786 838 1862 sanciretur,
861 1805 925 1848 rem
948 1787 1055 1850 1919999
1077 1789 1280 1870 violenterque
1302 1776 1451 1869 direptum

174 1896 266 1962 possa
295 1876 453 1959 tranquille
483 1877 663 1955 honesteque
690 1831 842 1979 possideri
873 1876 910 1938 ab
938 1873 1040 1958 iniquo
1062 1893 1259 1956 aggressore3
1297 1885 1386 1958 utque
1408 1880 1452 1938 ite

160 1967 287 2030 =falsum
320 1967 545 2030 constitueretur
577 1959 775 2046 principium,
812 1964 996 2028 fortunatam
1029 1983 1136 2046 nempe
1169 1965 1241 2027 iacti
1274 1964 1451 2029 iniustitiam

174 2053 318 2119 nullum·
309 2055 386 2118 ruris
407 2057 559 2118 sanctitati
588 2051 796 2114 detrimentum
825 2055 940 2117 999999.
987 2048 1072 2132 Quae
1100 2054 1262 2134 postulatio
1291 2056 1331 2117 iis
1361 2058 1451 2128 etium

159 2129 1451 2337 ’111111111111111111111111111111

172 2324 362 2402 9999919999
383 2324 432 2386 919
454 2317 637 2386 9999911919
658 2318 789 2383 1999999
811 2323 971 2387 9991919919
1014 2319 1062 2384 lix
1086 2320 1231 2405 99911191
1248 2327 1451 2404 consequitur,

161 2421 241 2496 'eum
262 2413 344 2476 nullo
368 2411 457 2475 modo
479 2429 572 2492 99999
594 2407 765 2472 9999911999
787 2409 960 2490 99911991991
981 2414 1160 2487 9999999199,
1185 2415 1255 2520 quin
1271 2411 1450 2475 lundomen-

172 2488 241 2565 tum
264 2498 356 2564 919199
384 2499 465 2564 illius
493 2495 618 2563 moralis
649 2497 950 2594 disciplinandum
981 2504 1048 2583 1999
1070 2501 1161 2566 991991
1183 2505 1280 2582 prima
1302 2501 1400 2565 iorum
1422 2510 1452 2564 et

172 2590 271 2674 imago
295 2589 490 2672 dignoscitur.

261 2678 321 2743 lam
344 2700 417 2756 9999
440 2681 613 2761 quicumque
634 2673 684 2740 991
709 2695 810 2739 errore
831 2653 972 2760 deceptus
992 2680 1041 2741 vel
1064 2677 1170 2744 timore
1187 2672 1362 2760 999991999
1358 2698 1450 2761 prae-
1519 2705 1523 2714 ·

88 2788 92 2796 ·
172 2769 243 2833 1999
264 2762 338 2832 99119
359 2768 501 2832 consilia
507 2769 627 2829 iniustis
648 2766 888 2847 perturbaturum
910 2768 1010 2830 civilis
1034 2766 1188 2830 9991999919
1215 2770 1294 2832 99919
1317 2783 1450 2831 999999-

173 2867 269 2936 99999,
291 2876 413 2921 9999999
435 2865 482 2919 999
504 2865 535 2918 99
556 2855 639 2918 11999
660 2858 852 2936 potissimum
874 2843 1059 2937 temporibus
1081 2855 1141 2918 9111
1169 2855 1288 2920 omniuo
1319 2877 1450 2966 999999-

160 2945 516 3028 ’1999,1119999999999
539 2950 695 3006 contentos
716 2943 788 3015 1999,
812 2946 873 3006 9191
894 2943 1025 3036 viderint
1048 2964 1133 3008 omne
1156 2945 1340 3008 auctoritatis
1360 2951 1451 3028 prin·-

174 3035 291 3117 cipium,
313 3055 401 3099 omne
422 3031 580 3114 religionis
602 3034 727 3110 irenem,
755 3051 927 3114 omnemque
949 3029 1023 3096 iuris
1046 3033 1235 3116 iustitiaeque
1257 3029 1390 3116 reguiam
1413 3033 1450 3100 19

174 3122 271 3188 medio
302 3122 396 3187 tolli.
424 3125 520 3207 litque
551 3120 720 3186 huiusmodi
749 3121 941 3185 subversores
971 3127 1003 3190 19
1027 3123 1125 3185 9191119
1147 3124 1301 3186 societatis
1325 3113 1450 3188 calami-

161 3206 275 3277 'tutem
281 3211 396 3276 illud
386 3232 445 3278 9999
467 3225 530 3275 tum
553 3229 625 3275 9999
646 3218 709 3272 tum
724 3211 847 3291 99919919
863 3215 1105 3304 9999999919999,
1129 3220 1161 3275 ut
1176 3214 1320 3276 humanas
1336 3195 1450 3276 mentes

174 3307 381 3386 perverterint,
404 3299 549 3366 moralem
571 3319 692 3364 sensum
715 3296 1004 3378 debilitaverlnt,et
1025 3301 1188 3365 1919999199
1209 3302 1363 3365 horrorem
1386 3301 1450 3366 991-

173 3396 309 3476 pueriut,
347 3401 433 3475 atque
463 3391 563 3454 omnia
593 3396 738 3453 conantur
766 3398 798 3452 ut
820 3395 935 3454 9999919
957 3391 1197 3472 9999919999·
1188 3410 1233 3453 999
1254 3391 1293 3456 ab
1315 3389 1450 3456 honestis
1537 3463 1541 3469 ,

174 3483 312 3564 gentibus
333 3484 500 3544 invocatum
514 3480 589 3542 91111
611 3476 694 3544 91191
716 3496 794 3554 esse,
807 3482 877 3544 9191
899 3479 1036 3542 iniustam
1059 3477 1238 3542 voluntatem
1258 3499 1332 3562 quae
1346 3480 1452 3545 debeat

176 3576 297 3634 omnino
321 3569 478 3636 contemni
527 3568 609 3634 Heu!
640 3588 711 3630 9999
737 3563 819 3631 19911
843 3571 874 3632 91
894 3567 1028 3718 19119911
1049 3573 1136 3633 terra
1158 3572 1191 3634 91
1212 3570 1371 3648 infirmata
1393 3572 1451 3646 991,

163 3657 309 3744 ¹tlep‘lect’l
335 3657 418 3724 99119
446 3655 605 3737 infirmata
635 3647 684 3720 991
712 3653 842 3720 altitudo
869 3655 977 3738 populi
995 3661 1110 3723 199999.
1155 3655 1200 3723 Et
1222 3664 1306 3724 terra
1327 3659 1451 3766 inferta

175 3752 225 3813 991
247 3749 287 3814 91
309 3747 641 3815 99119999999999999
664 3747 740 3828 9919
763 3745 1153 3874 19999999991999119999,
1176 3750 1406 3816 mutaverunt
1390 3769 1451 3825 9999,

176 3837 408 3919 dieaipcoerunt
427 3837 544 3918 foedes
564 3835 777 3914 sempiternum
792 3831 837 3916 ¹.)

197 3968 202 3977 x
265 3930 306 4011 7)
330 3929 475 3991 Verum·
466 3947 498 3992 rn
527 3933 610 3990 teuta
637 3924 823 3986 tenebrarum
845 3923 1043 3999 obscuritate,
1082 3947 1138 4009 qua
1161 3927 1243 3990 Deus
1266 3879 1452 4005 inscrutabili

174 4026 231 4082 suo
253 4017 363 4082 1911919
386 4025 490 4097 gentes
512 4016 585 4079 91919
607 4011 728 4089 919911,
757 4011 823 4076 llos
846 4033 964 4078 omnem
986 4012 1129 4077 Nostram
1153 4034 1236 4096 spem
1259 3999 1452 4099 1199199999

165 4102 469 4189 -9199999119999999
497 4109 531 4168 in
560 4108 627 4185 ipso
657 4103 906 4166 clementissimo
917 4105 1190 4168 misericordiarum
1219 4101 1307 4167 Patre
1334 4112 1364 4166 at
1388 4105 1452 4170 1199

175 4199 268 4259 totius
294 4195 524 4270 consolationis,
562 4193 609 4275 qui
639 4193 704 4256 Nos
734 4190 906 4255 consolatur
932 4193 964 4255 in
994 4191 1076 4256 omui
1107 4193 1299 4256 tribulatione
1328 4191 1451 4257 Nostra.

165 4283 247 4366 lpse
269 4301 396 4367 namque
418 4291 476 4362 est,
497 4281 547 4366 qui
569 4281 676 4364 Vobis,
699 4279 1037 4352 venerantissimum,
1059 4282 1235 4356 concordiae
1256 4282 1453 4346 9999991991-

170 4373 351 4437 9991919999
374 4373 436 4436 Vos
459 4373 597 4454 spiritum
620 4373 741 4450 ingerit,
764 4378 793 4431 et
816 4369 946 4452 quotidie
968 4373 1064 4452 magis
1087 4373 1211 4452 ingeret,
1234 4380 1266 4434 ut
1287 4373 1453 4436 Nobiscum

178 4463 349 4526 arctissime
376 4481 469 4544 aeque
497 4479 532 4533 99
561 4458 793 4522 concordissime
821 4460 968 4522 coniuncti
997 4462 1094 4541 parati
1117 4462 1188 4522 sitis
1209 4479 1268 4522 una
1286 4455 1452 4525 'Nobiscum

164 4561 290 4616 sortem
313 4553 395 4616 illem
419 4551 529 4628 subire,
552 4569 626 4633 quae
647 4567 756 4612 999999
779 4547 991 4612 11919999999
1014 4549 1216 4630 providentiae
1239 4551 1452 4614 9999919991-

172 4659 235 4724 que
265 4649 398 4706 nostrum
426 4648 576 4705 reservata
606 4643 656 4703 eit.
700 4636 769 4722 1999
798 4645 854 4718 999,
889 4639 938 4721 991
960 4641 1094 4704 caritatis
1115 4636 1234 4707 vinculo
1256 4643 1399 4721 1999999,
1422 4647 1453 4703 et

165 4849 166 4852 ’
251 4833 468 4906 111999921.
487 4849 513 4892 9.
531 4835 557 4891 t.
576 4838 602 4894 9.
623 4873 625 4878 -
720 4789 721 4794 ¹
