3400 5274
246 243 299 322 34
511 241 513 246 ·
554 201 765 310 congenea.
786 241 918 297 ιιιιιιι
940 240 1221 299 lescastrensem.

247 439 353 505 Patres
389 442 485 504 esurie
520 440 639 504 tuendis
675 439 792 506 Ritibus
831 439 1006 525 praepositi,
1044 435 1182 520 omnibus
1214 445 1327 504 mature
1356 435 1524 519 perpensis,

247 545 405 630 habitaque
418 563 491 629 prae
506 546 602 610 oculis
618 545 706 610 docta
720 554 751 611 at
764 545 914 612 laboriosa
929 547 1159 624 elucubratione,
1184 565 1269 632 quum
1284 547 1319 611 R.
1334 546 1373 608 l).
1390 543 1524 608 dounnus

249 649 386 717 Cerussa
407 649 486 717 altar
508 668 549 716 ex
578 649 810 733 apostolicarum
838 659 1090 720 caeremoniarum
1121 658 1285 738 magistris,
1318 651 1355 716 da
1378 670 1434 730 suo
1456 659 1524 714 soto

248 768 334 826 antea
355 761 527 844 requisitus,
551 758 681 854 desuper
703 762 878 837 confecerat,
906 763 1148 846 respondendnm
1171 771 1366 828 censuerunt:

337 881 386 951 Ad
408 882 536 950 Dubium
559 861 590 951 1}
605 883 846 952 Usum'duorum
869 884 1007 952 celicum
1030 889 1062 952 in
1085 905 1157 953 casu
1179 895 1272 971 posse
1295 881 1435 970 permitti.

336 1008 384 1074 Ad
406 1010 534 1075 Dubium
556 1009 594 1076 ll
618 1009 665 1075 Ad
686 1019 833 1077 mentem:
857 1013 945 1077 Mens
967 1019 1069 1078 estut
1092 1013 1267 1080 condoletur
1287 1009 1456 1075 Instructio.

337 1131 492 1221 Ejusmodi
514 1143 612 1199 eutem
627 1135 802 1215 'instructis
826 1156 912 1220 quam
935 1113 974 1201 ad
996 1137 1126 1212 Mentem
1149 1144 1243 1200 etex
1266 1133 1405 1198 mandute
1419 1131 1526 1195 barnee

250 1238 499 1324 congregationis
522 1242 601 1341 idem
623 1242 876 1309 eminentIssimus
900 1252 930 1310 ct
950 1244 1223 1310 reverendissimus
1247 1239 1416 1306 cardinalis
1438 1234 1526 1302 Della

251 1347 356 1431 (leuga
378 1349 546 1425 bermundi,
569 1369 627 1414 una
650 1370 715 1416 cum
738 1353 776 1418 li.
797 1350 832 1418 P.
854 1352 894 1419 Ι).
917 1350 1039 1418 Andreu
1054 1347 1294 1432 MariaFrattini
1308 1355 1427 1414 sanctae
1442 1344 1528 1410 Fidei

250 1463 421 1537 promotore
444 1457 583 1540 digessit,
613 1467 659 1523 cst
680 1467 769 1542 prout
792 1459 943 1543 sequitur:

339 1576 466 1662 Quando
494 1581 634 1647 sacerdos
655 1583 758 1646 eadem
781 1583 831 1648 die
853 1583 926 1650 duas
948 1583 1063 1652 Mimas
1086 1579 1202 1646 dissitis
1225 1581 1257 1644 iu
1279 1577 1355 1644 locis
1377 1577 1527 1640 celebrere

251 1687 345 1762 debet,
361 1690 393 1750 in
407 1689 505 1770 prima
519 1689 589 1754 dum
603 1689 736 1754 divinum
751 1691 933 1772 Sanguinem
948 1686 1052 1766 sumit,
1071 1699 1137 1754 dum
1150 1687 1382 1770 diligentissime
1397 1686 1526 1748 sorbent.

250 1791 367 1858 Exinde
389 1814 479 1878 super
501 1794 652 1880 corporali
674 1805 767 1880 ponat
789 1798 931 1880 celicem,
946 1806 976 1862 et
997 1795 1080 1879 pella
1100 1804 1192 1878 tegat,
1215 1793 1376 1879 sejunctis
1390 1792 1528 1856 menibus

250 1904 282 1965 iu
312 1901 411 1966 medlo
442 1903 529 1967 elteri
562 1903 657 1968 dicat:
691 1899 779 1984 Quod
802 1925 855 1969 ore
878 1908 1073 1987 sumpsimus,
1097 1913 1171 1983 cto.;
1208 1912 1238 1966 et
1259 1899 1385 1966 subinde
1407 1899 1527 1982 admoto

204 2083 211 2091 ⁸
252 2027 342 2092 ιιιιι
370 2008 494 2076 ιιιιιΙι
526 2009 635 2094 digitos
663 2012 741 2075 luvet
771 2010 887 2076 dicens:
917 2010 1035 2094 Corpus
1064 2018 1165 2091 tuum,
1203 2017 1279 2089 cte,
1307 2017 1337 2072 et
1367 2007 1529 2087 abstergat.

250 2115 344 2181 Hisce
365 2121 506 2199 peractis,
535 2115 656 2182 calicem
679 2137 769 2200 super
792 2117 942 2201 corporali
964 2126 1131 2184 manentem
1154 2117 1259 2195 adbuc,
1290 2114 1417 2180 deducta
1439 2111 1528 2196 pulla,

251 2227 411 2305 cooperiat,
443 2242 496 2288 ceu
522 2225 617 2289 moris
646 2234 702 2306 est,
740 2222 860 2288 scilicet
890 2227 1018 2310 primum
1049 2225 1252 2308 purificatorio
1281 2225 1386 2304 linteo,
1423 2218 1530 2284 deinde

250 2339 360 2414 patena
388 2348 425 2394 ac
454 2329 542 2413 palla,
573 2343 603 2396 ιι
633 2331 752 2398 demum
780 2319 858 2401 velo.
904 2333 978 2398 Post
1006 2334 1080 2397 baeu
1108 2332 1235 2397 Missam
1264 2336 1467 2414 prosequetur,
1500 2334 1530 2390 et

253 2438 402 2519 completo
422 2439 526 2503 ultimo
548 2440 720 2523 Evangelio,
742 2461 848 2537 capsus
872 2445 986 2506 stetin
1009 2439 1108 2508 medie
1132 2438 1230 2518 elteri,
1254 2447 1284 2502 et
1306 2436 1422 2524 detecto
1436 2430 1531 2497 calice

252 2543 390 2627 inspiciet
418 2565 456 2608 an
485 2545 597 2628 aliquid
619 2547 713 2612 divini
736 2549 896 2631 Sanguinis
919 2567 1013 2614 necne
1036 2547 1189 2614 adimam
1212 2568 1245 2611 se
1267 2548 1423 2627 receperit,
1451 2541 1531 2626 quod

251 2647 427 2736 plerumque
442 2652 602 2736 continget.
633 2651 776 2736 Quemvis
801 2661 880 2721 enim
896 2676 999 2721 sacrae
1016 2654 1132 2740 species
1148 2644 1277 2738 primum
1292 2650 1531 2732 sedulo-surptus

254 2761 325 2833 sint,
349 2765 449 2855 tamen
471 2758 541 2824 dum
556 2753 722 2845 sumuntur,
740 2777 835 2848 'quum
857 2766 1019 2847 particulae
1043 2783 1116 2847 quoe
1139 2764 1250 2825 circum
1274 2767 1351 2834 sunt,
1377 2757 1531 2842 undequa-

252 2884 307 2950 que
329 2885 447 2932 sureum
469 2867 650 2950 deferantur,
672 2876 795 2939 nonnisi
818 2873 954 2956 deposito
978 2872 1070 2936 celica
1091 2871 1134 2957 ad,
1152 2862 1244 2934 ibrum
1265 2863 1400 2934 redeunt.
1423 2853 1532 2930 Silta-

252 2994 308 3060 ιιι
330 2974 425 3039 divini
447 2977 608 3060 Sanguinis
624 2985 708 3062 gutta
722 2980 865 3063 quaedem
880 2982 1013 3062 supersit
1028 2977 1131 3064 adbuc,
1155 2997 1191 3042 ea
1204 2995 1311 3042 rursus
1327 2993 1362 3039 eo
1374 2973 1533 3054 diligenter

252 3078 418 3161 sorbeatur,
455 3090 485 3146 et
515 3084 633 3167 quidem
661 3105 703 3151 ex
733 3087 835 3170 eadem
866 3095 950 3169 perta
983 3107 1038 3170 ιιι
1068 3084 1119 3148 ille
1148 3085 1278 3166 primum
1309 3091 1355 3148 est
1385 3087 1531 3164 sumptus.

253 3184 341 3269 Quod
363 3189 445 3254 nullo
468 3191 558 3255 mudo
580 3193 775 3284 omittendum
797 3200 855 3266 cst,
886 3193 954 3276 quia
983 3190 1165 3256 Sacrificium
1197 3192 1352 3262 moraliter
1383 3190 1479 3267 derat,
1503 3194 1532 3251 et

251 3298 510 3378 superastantibus
532 3297 629 3366 adhuc
652 3298 713 3364 vini
736 3299 902 3383 speciebus,
926 3317 967 3364 ex
983 3298 1084 3364 divino
1099 3307 1258 3383 praecepto
1275 3293 1422 3380 compleri
1435 3296 1533 3360 debet.

316 3463 318 3468 -
344 3421 537 3490 Postmodum
560 3424 703 3490 sacerdos
727 3429 759 3490 in
781 3423 881 3507 ipsum
904 3425 1026 3500 calicem
1050 3429 1164 3488 tentum
1186 3405 1299 3516 saltem,
1313 3441 1406 3506 ιιιιι
1429 3421 1535 3486 landet

256 3537 402 3611 quantum
417 3533 502 3613 prius
524 3533 587 3598 viii
609 3543 760 3616 posuerat,
785 3523 906 3614 eamque
929 3535 1040 3596 circum
1058 3529 1178 3620 jactans
1200 3551 1238 3596 ex
1262 3531 1365 3596 eadem
1379 3537 1463 3612 parte
1479 3547 1536 3609 ιιι

253 3654 372 3728 sacrum
394 3638 573 3722 Sanguinem
597 3641 714 3705 biberat
741 3639 772 3704 in
795 3645 937 3721 paratum
968 3656 1022 3703 ees
1054 3638 1197 3704 demittat.
1245 3637 1377 3703 (laticem
1410 3634 1535 3698 subinde

256 3745 355 3826 ipsum
382 3745 602 3827 purificatorio.
615 3747 709 3811 linteo
739 3737 903 3830 absterget,
934 3763 970 3810 ac
999 3744 1116 3812 demum
1138 3735 1296 3828 cooperiet,
1328 3745 1370 3807 uti
1393 3743 1468 3806 nlius
1492 3742 1533 3814 lit,

256 3857 342 3937 atque
364 3850 408 3916 ab
425 3853 512 3918 alteri
534 3853 667 3917 decedat.
1492 3877 1495 3882 ·

345 3976 499 4058 Depositis
529 3980 623 4040 sacris
652 3979 796 4050 vestibus.
834 3985 864 4042 et
894 3979 1057 4060 gratiarum
1085 3981 1202 4043 notione
1224 3968 1403 4057 completa,
1421 3991 1536 4058 aquaa

258 4081 349 4149 calice
370 4083 494 4147 dimisse
517 4103 572 4165 pru
596 4104 695 4149 rerum
717 4082 876 4170 adjunctis,
917 4085 966 4149 vel
987 4085 1027 4149 ad
1049 4084 1127 4149 diem
1151 4087 1313 4148 crastinum
1328 4092 1470 4164 ⁴servetur
1492 4079 1537 4162 (sl

258 4210 364 4274 nempe
386 4211 422 4254 ιο
445 4210 550 4255 ιιιιιι
573 4191 717 4256 sacerdos
739 4191 843 4256 redeat
862 4191 990 4256 Missam
1013 4189 1186 4274 habiturus)
1209 4197 1238 4254 et
1259 4191 1289 4252 in
1305 4188 1436 4252 secunde
1450 4188 1537 4282 puri-

259 4300 396 4364 tlcatieuc
417 4298 448 4361 in
469 4298 592 4361 calicem
615 4301 807 4376 immittetur3
845 4299 894 4362 vel
921 4297 1055 4382 gossipio
1083 4304 1134 4363 ιιι
1163 4306 1250 4380 stupe
1279 4296 1420 4379 absorpta
1450 4279 1537 4359 oom—
1594 4295 1596 4300 '

260 4407 391 4485 buratur,
414 4402 461 4469 vel
484 4406 515 4469 iu
538 4405 680 4486 sacrario,
704 4411 734 4470 si
755 4407 807 4481 sit,
832 4405 1013 4472 exsiccanda
1035 4403 1226 4488 relinquatur,
1250 4404 1297 4468 vol
1322 4404 1492 4467 demittatur
1506 4399 1538 4463 in

259 4514 419 4598 piscinam.
701 4523 703 4530 '
824 4530 826 4536 ·

350 4615 448 4700 Quum
477 4623 582 4684 autem
602 4616 686 4706 calix
713 4642 771 4704 ιιι
801 4623 940 4686 sacerdos
969 4619 1098 4704 primum
1120 4627 1167 4685 est
1189 4637 1261 4683 usus
1284 4617 1454 4699 purificatus
1474 4616 1539 4703 jum

262 4731 312 4808 eit,
342 4729 371 4791 si
398 4723 454 4790 illo
471 4714 550 4809 ¹ipso
579 4747 635 4810 pro
662 4725 759 4792 blissa
791 4729 885 4793 alteru
913 4727 1057 4812 indigent,
1088 4747 1154 4794 eum
1175 4744 1274 4792 secum
1297 4724 1431 4803 delerat,
1452 4741 1538 4788 secus

262 4854 333 4900 raro
354 4835 386 4901 iu
408 4835 500 4902 alteru
521 4834 617 4903 Missa
641 4836 762 4903 diverso
787 4835 880 4904 calice
902 4837 947 4904 uti
969 4835 1090 4923 poterit.
