3400 5274
463 246 711 300 Publicattcmbulte
729 249 777 300 des
795 246 855 300 bad.
876 213 1045 304 dduccrdate.
1342 252 1393 326 45

109 437 269 507 vellemus.
315 443 416 524 ltaque
445 441 578 514 eiusdem
607 443 721 526 Regiae
752 441 946 510 celsitudinis
977 445 1055 510 vetis
1077 463 1149 528 quea
1170 444 1283 511 Nostra
1305 448 1393 510 etiam

109 556 197 612 erant
220 547 359 643 diuturna
381 555 411 612 et
432 547 657 631 impensissima
679 559 758 631 vota,
786 548 880 616 alacri
903 549 1157 633 libentissimoque
1179 553 1280 615 animo
1301 553 1399 616 obse-¹

110 656 293 734 cundantes,
324 654 406 720 omui
435 656 546 720 reiecta
572 676 664 731 mera,
696 675 761 722 cum
791 651 860 742 ipso
892 656 1068 722 Gclsisaimo
1090 656 1229 741 Principe
1251 656 1395 723 Conven-

110 767 224 828 tionem
254 761 413 828 ineundam
447 782 516 827 esse
547 748 726 848 censuimus.
772 764 868 848 Atque
890 764 1066 848 gravimimo
1089 765 1156 830 buic
1178 783 1252 830 sane
1273 769 1394 848 negotio
1492 797 1494 801 v

112 889 238 935 menum
269 873 371 934 statim
394 869 584 956 admoventes
607 869 756 936 Dilectum
779 869 893 952 Filium
915 872 1061 950 Nostrum
1083 870 1222 938 loannem
1244 874 1274 938 S.
1298 873 1334 938 lt.
1357 875 1394 937 Ε.

111 978 329 1060 Presbyterum
352 965 545 1042 Cardinalem'
564 974 697 1046 brunelli
719 979 850 1059 pietatis,
873 978 1035 1054 doctrinae,
1058 998 1093 1044 ac
1115 979 1288 1063 prudentiae
1308 980 1397 1044 laude

111 1089 311 1169 conspicuum
333 1102 399 1150 cum
422 1086 603 1150 necessariis
627 1084 817 1149 tacuitotibm
840 1085 1011 1168 delegimus,
1035 1095 1067 1151 ut
1089 1105 1156 1152 cum
1178 1088 1297 1152 Dilecto
1318 1085 1395 1167 Pilio

112 1192 226 1258 carolo
248 1191 363 1258 Bruner
384 1181 564 1284 consiliario
587 1213 604 1256 e
627 1191 756 1275 publicis
779 1193 911 1274 negotiis
940 1196 1020 1259 illius
1043 1195 1150 1277 Magni
1163 1195 1315 1273 Damius,
1345 1197 1395 1276 qui

113 1301 153 1366 ab
176 1299 254 1364 banc
277 1304 397 1364 clausam
420 1299 458 1364 ab
481 1297 754 1382 ipso‘Oelsissimo
776 1300 914 1383 Principe
936 1291 1046 1368 missus
1068 1303 1184 1381 iuerat,
1199 1320 1262 1367 rem
1278 1311 1414 1367 omuem‘

113 1407 220 1472 scdulo
243 1405 428 1472 creontem
450 1415 575 1474 curarat
622 1407 697 1498 (lum
720 1418 817 1474 autem
840 1409 920 1474 idem
943 1407 1111 1495 cardinalis
1138 1431 1160 1474 a>
1179 1409 1275 1474 Nobis
1298 1408 1394 1494 Epis-

114 1534 208 1597 copus
231 1514 481 1595 Auximanus,‚et
495 1513 679 1598 Cingulauus
697 1515 806 1582 inisset
821 1520 1023 1597 renunciatus,
1045 1516 1155 1584 iccirco
1172 1518 1281 1583 ineius
1296 1515 1395 1582 locum

116 1621 203 1687 illico
235 1623 406 1688 suffecimus
428 1621 576 1687 Dilectum
598 1621 707 1687 Filium
729 1625 874 1688 Nostrum
898 1621 1038 1688 carcium
1060 1625 1226 1707 Augustum
1247 1625 1279 1689 S.
1301 1626 1337 1690 rt
1360 1625 1394 1690 li.

115 1729 330 1810 Presbyterum
353 1728 542 1794 Cardinalem
564 1723 601 1794 de
617 1729 741 1794 Reisacb
764 1734 884 1813 pictate,
907 1730 1051 1803 doctrina,
1074 1731 1289 1815 prudentiaque
1304 1750 1395 1813 spec-

113 1846 218 1917 tatum,
248 1844 335 1920 atque
366 1843 547 1918 opportunas
571 1834 599 1901 ei
621 1857 735 1921 qnoque
757 1823 982 1916 instructiones,
1012 1837 1227 1922 insultatesque
1249 1838 1394 1920 dedimus,

113 1954 146 2010 ut
168 1941 343 2008 inchoatam·
368 1943 540 2026 gravissimi
568 1942 657 2031 bajus
680 1944 795 2026 negotii
817 1942 1024 2010 tractationem
1047 1941 1207 2026 diligenter
1229 1965 1395 2040 proseque-

114 2059 200 2116 retur
220 2031 252 2114 et
273 2021 441 2116 absolveret
463 2069 531 2117 cum
553 2051 658 2117 eodem
680 2050 789 2116 (larcio
812 2049 935 2116 bracar.
980 2049 1040 2115 Sed
1063 2068 1128 2114 cum
1150 2049 1201 2114 bic
1224 2071 1395 2135 supremum

113 2149 194 2222 diem
217 2158 376 2234 obierit,‚a
399 2153 578 2223 celsissimo
600 2158 710 2240 Magno
733 2156 862 2220 badensi
884 2158 967 2222 Duce
989 2156 1022 2219 in
1045 2157 1111 2220 eiua
1130 2157 1226 2222 locum
1241 2158 1394 2224 substituti

112 2266 233 2330 suerunt
270 2265 530 2348 Plenipotcntiarii
587 2265 711 2331 Nobilis
745 2264 802 2329 Vir
835 2265 912 2328 Baro
946 2261 1134 2330 Christianus
1170 2265 1331 2336 (lustavus'
1357 2265 1395 2329 de

112 2373 288 2438 Berckbeim
310 2371 450 2464 Minister
470 2370 754 2455 Pleaipotentisrius
778 2378 808 2436 at
830 2373 963 2455 Legatus
987 2371 1243 2438 extraordinarius
1263 2372 1302 2438 ad
1317 2371 1394 2437 banc

112 2483 253 2546 Sanctam
276 2479 392 2558 Aedem,
416 2496 451 2544 ec
473 2479 609 2546 Dilectus
632 2477 728 2543 Pilius
750 2478 930 2556 Francisuas
954 2476 1080 2543 Carolus
1104 2478 1289 2570 Rossbirtin
1305 2488 1398 2544 utro-e

113 2609 169 2670 qoe
192 2591 257 2654 iura
279 2585 394 2653 Doctor
416 2595 503 2672 atque
526 2603 550 2652 a*
567 2585 712 2652 Consiliis
736 2587 867 2669 supremi
890 2583 1067 2660 Tribunalis
1090 2585 1219 2652 iustitiae
1235 2586 1267 2651 in
1283 2586 1393 2669 blegne

112 2693 243 2760 badensi
263 2695 390 2775 Ducatu,
420 2704 453 2760 ut
481 2712 547 2760 cum
576 2692 679 2776 eodem
696 2693 820 2758 »Dilecta
842 2689 922 2756 Filio
944 2693 1069 2758 Nostro
1082 2690 1237 2759 Ocrdbrali
1259 2695 1296 2758 de
1318 2695 1393 2759 Rot-
1485 2705 1487 2710 '

113 2802 185 2866 sscb
206 2809 379 2884 susceptum
401 2805 477 2866 tanti
499 2803 641 2868 momenti
663 2804 815 2884 negotium
837 2797 875 2863 ad
898 2797 1010 2864 exitum
1033 2799 1237 2882 perducerent.
1261 2800 1298 2865 itt
1313 2814 1392 2885 quc-

114 2908 195 2974 niam
217 2909 311 2992 prebe
333 2902 526 2980 noscebamus
549 2927 605 2992 qua
627 2899 739 2972 eximia
759 2909 883 2979 iustitia,
917 2904 1073 2988 aequitate.
1108 2907 1278 2991 excelsique
1301 2907 1400 2971 animi

114 3013 382 3096 magnitudinem
404 3035 458 3098 qua
481 3033 632 3097 propensa
653 3015 685 3076 in
697 3005 875 3078 'catholicos
892 3012 952 3075 sibi
967 3010 1103 3077 subditos
1118 3013 1268 3077 voluntate
1282 3013 1394 3078 'eniteat
1418 3029 1423 3038 “
1447 3033 1450 3040 ’

114 3121 195 3186 idem
218 3119 413 3186 celsissimus
433 3120 578 3202 Princeps
601 3119 730 3202 Magnus
752 3118 899 3184 Badarum
913 3119 996 3198 Dux,
1019 3116 1127 3184 iccirco
1148 3117 1233 3184 mma
1255 3126 1393 3203 certeque

115 3248 170 3312 spe
193 3228 358 3294 nitebamur
379 3227 456 3303 fore,
479 3235 521 3304 ut,
534 3229 600 3292 Deo
620 3226 795 3305 auxiliante,
817 3227 892 3292 tanti
915 3227 1060 3320 momenti
1082 3245 1132 3290 res
1154 3233 1287 3309 optatum
1303 3245 1392 3291 asse·-

116 3343 272 3419 queretur:
287 3337 409 3403 exitum
455 3337 502 3400 Ac
531 3333 720 3400 vehementer
746 3331 900 3415 laetamur,
938 3324 1107 3412 bdlusmodl
1135 3333 1276 3418 Nostram
1307 3353 1392 3417 spem

116 3443 197 3508 baud
215 3447 338 3508 inanem
346 3443 452 3511 inisse.
472 3445 614 3526 ‘Namque
636 3450 706 3525 post
727 3442 896 3507 diuturnam
920 3439 1111 3525 sedulamque
1134 3437 1392 3526 consultationem,

117 3548 212 3614 velati
234 3551 279 3614 rei
300 3555 436 3632 gravitas
457 3549 637 3633 postulabat,
661 3548 826 3614 Consentio
849 3554 917 3631 ipsa
932 3548 1066 3632 pluribus
1083 3539 1229 3638 Articulis
1244 3547 1393 3626 distincta,

117 3665 146 3721 et
167 3678 186 3720 a
208 3657 276 3723 VVc
295 3656 357 3720 FF.
370 3653 446 3734 DN.
470 3656 508 3746 S.¹
525 3657 560 3721 R.
582 3655 618 3723 li.
635 3652 852 3720 'cardinalibus
876 3652 1126 3738 congregationis
1140 3654 1279 3736 Negotiis
1294 3654 1393 3720 eccle·

119 3763 254 3828 siasticis
275 3761 522 3828 extraordinariis
543 3764 732 3849 praepositae
753 3763 934 3842 examinata,
968 3780 1034 3826 cum
1063 3754 1166 3826 eodem
1195 3758 1393 3828 serenissimo

120 3890 153 3936 ae
175 3867 354 3936 eeteieaimo
376 3869 470 3954 Regio
492 3869 631 3954 Principe
652 3868 849 3938 savitudo
872 3871 984 3952 Magno
999 3869 1126 3935 Dadcnsi
1141 3870 1225 3934 Duce
1238 3867 1296 3934 iuit
1310 3867 1399 3950 tntu„

120 3987 205 4062 atque
232 3977 270 4041 ad
296 3984 433 4060 optatum
446 4049 449 4058 ,
462 3978 574 4042 exitum
601 3977 754 4059 perducta.
799 3975 875 4042 (lum
906 3983 1004 4042 cutem
1025 3974 1160 4040 eiusdem
1181 3972 1400 4056 conventionis

122 4083 250 4150 Articuli
271 4094 337 4150 tum
358 4105 377 4150 a
397 4085 521 4160 Nostro,
542 4092 605 4150 tum
626 4084 663 4147 ab
686 4083 798 4150 medem
810 4083 918 4166 Magni
937 4083 1032 4149 Ducis
1052 4081 1324 4166 Plenipotenticriis
1346 4082 1395 4147 die

121 4192 261 4258 vicesima
282 4201 387 4258 cctam
408 4195 522 4257 mensis
544 4190 621 4256 lunii
642 4191 729 4256 buius
752 4190 821 4256 anni
841 4191 953 4256 suerint
972 4191 1144 4272 subscripti,
1166 4197 1252 4274 atque
1265 4204 1283 4252 a
1298 4187 1395 4274 Nobis

121 4298 349 4382 diligentissime
362 4297 510 4384 perpensi,
531 4296 913 4364 eamdcm'ilonventionem
929 4316 1069 4381 suprema
1084 4299 1198 4363 Nostra
1211 4295 1395 4364 Auctoritate

121 4405 351 4472 confirmandum
372 4423 441 4471 esse
463 4403 713 4486 existimavimm,
745 4424 865 4490 eamque
887 4408 1020 4470 maximo
1043 4403 1206 4470 enlmarum
1228 4402 1393 4478 commodo,

121 4523 150 4578 et
171 4512 336 4578 catbclicae
355 4512 507 4578 Ecclesiae
527 4511 606 4578 bono
630 4509 761 4578 laturam
783 4532 862 4593 esse,
891 4514 957 4577 Deo
980 4511 1178 4586 benedicente,
1208 4509 1393 4576 cecidimus.

123 4623 220 4688 Huius
242 4629 339 4686 autem
361 4619 577 4688 deruentionis
599 4627 686 4692 tenor
707 4628 754 4687 est
777 4621 825 4704 qai
848 4623 988 4704 sequitur,
1011 4618 1164 4686 videlicet:
1197 4613 1395 4702 (blitgatbeilt

123 4726 610 4811 umenecesran.)
769 4711 771 4718 ’
1229 4741 1277 4766 ·-
1388 4719 1397 4754 ³
