3400 5274
480 295 483 310 ·
515 249 671 334 reparans
691 247 919 323 saloerner-vam
939 269 979 324 aa.
999 266 1053 322 rur
1073 267 1147 324 asco.
1425 273 1477 347 37

194 467 338 548 scandalo
367 474 397 531 et
426 467 547 532 fremitu
576 485 660 532 suam
690 487 812 550 opernm
834 466 986 532 Ecclesiae
1016 475 1046 532 et
1068 469 1167 533 omnis
1187 463 1323 554 justitiae
1345 468 1476 538 inimicis
1532 484 1533 490 ’

185 581 359 656 praestare,
389 571 509 658 illisque
539 574 648 640 lavere.
682 574 728 646 ,ln
751 573 901 658 usurpatis
925 581 1022 640 autem
1045 565 1355 659 Nostris-provinciis
1377 576 1476 658 plures

194 684 359 745 Dioeccses
382 699 449 746 cum
473 681 605 747 maximo
627 679 759 747 fidelium
782 682 957 746 discrimine
978 688 1047 745 suut
1069 684 1134 774 suis
1158 681 1278 745 oibatee
1292 683 1476 764 pastoribus,

194 807 261 853 aum
284 775 326 863 bi,
355 791 401 854 ob.
425 787 556 874 adjectas
587 789 624 853 ab
652 791 809 872 illegitima
835 795 983 872 potestate
1006 789 1206 869 conditiones,
1238 786 1308 852 illas
1331 793 1478 872 attingere

192 899 318 976 minime
339 894 470 979 possint.
517 897 610 981 Atque
633 898 665 962 id
687 901 768 976 inter
789 896 848 961 alie
871 895 1117 962 manifestissima
1133 891 1278 977 ostendit,
1302 887 1360 981 qud
1373 899 1477 981 potis·

183 1007 304 1068 'simum
325 992 349 1067 ii
370 1002 507 1069 homiues
529 1010 676 1087 spectent,
701 1005 752 1089 qui
774 1002 963 1088 nequissimis
986 1011 1016 1068 ct
1038 1002 1199 1088 sacrilegia
1216 1003 1339 1070 ausibus
1356 1002 1476 1071 civilem

193 1113 322 1177 Romani
343 1109 511 1199 Pontificio,
541 1119 571 1177 et
603 1109 692 1197 bajus
721 1110 914 1194 Apostolicac
936 1110 1024 1176 Sedis
1053 1114 1253 1195 principatum
1276 1131 1477 1194 usurparem

193 1219 312 1284 diruere
335 1225 489 1302 exoptant,
521 1227 553 1284 ut
574 1221 692 1284 scilicet
715 1215 800 1286 civili
829 1217 964 1306 ejusdem
986 1216 1139 1285 Pontificis
1172 1227 1203 1284 et
1224 1218 1308 1284 Sedis
1329 1227 1477 1304 potestate

181 1335 223 1390 -et
245 1322 402 1411 majestate
424 1325 569 1408 depressa
592 1333 623 1390 et
645 1345 758 1400 eversa,
782 1327 960 1390 catholicam
974 1325 1137 1390 Ecclesiam
1160 1325 1281 1392 iecilius
1303 1345 1477 1410 oppugnata

193 1442 322 1516 queant·
337 1432 508 1498 Omittimus
531 1452 600 1522 vero
614 1440 662 1499 tot
675 1434 735 1498 alia
749 1430 781 1497 id
798 1452 891 1516 genus
908 1451 980 1499 ausa
994 1417 1158 1513 assensero,
1181 1433 1287 1517 quibus
1302 1433 1475 1514 Ecclesiam,

190 1527 353 1624 sacrosque
375 1539 533 1628 bliuistros
555 1541 608 1605 isti
630 1539 766 1605 homines
789 1547 946 1624 tantopere
968 1541 1115 1623 affligunt,
1139 1542 1293 1620 divexant,
1316 1539 1386 1605 dum
1400 1561 1475 1625 per-

191 1648 250 1711 lida
274 1667 347 1712 saue
370 1645 500 1730 nequitie
524 1649 655 1714 omnium
679 1644 848 1732 libertatern
872 1645 992 1714 dolosis
1013 1637 1267 1732 imuduleutisquc
1289 1646 1388 1713 modis
1403 1647 1476 1714 nbi-

193 1775 251 1839 quc
272 1755 446 1838 praedicare
469 1763 499 1819 et
521 1753 667 1820 extollere
689 1775 749 1822 uon
771 1765 900 1830 cessem.

283 1851 368 1941 Quae
392 1858 510 1943 quidem
533 1865 635 1926 omnia
656 1865 761 1944 grevia
781 1862 916 1926 incinere
939 1880 1006 1928 cum
1029 1879 1143 1927 sumum
1166 1861 1312 1927 bonorum
1342 1864 1475 1927 amnium

193 1965 400 2050 indignatione
423 1984 459 2031 ac
483 1964 565 2032 luctu
585 1977 707 2052 peracte
722 1975 860 2053 quautam
875 1969 1037 2050 Ecclesiae,—
1049 1971 1199 2054 ,quantam
1213 1968 1321 2050 Nobis,
1344 1976 1374 2034 et
1388 1969 1476 2052 Apo-

181 2071 321 2138 stolicee
351 2075 482 2139 Nostrae
505 2077 684 2149 auctoritati,
715 2083 745 2140 et
766 2075 836 2142 huic
859 2079 984 2141 Sanctae
1007 2077 1088 2156 sedi,
1118 2078 1283 2159 Vestaeque
1305 2074 1427 2157 Ordiui,
1446 2084 1476 2141 et

190 2169 366 2263 Episcopa'li
396 2180 545 2272 dignitati,
577 2185 776 2267 universoque
799 2181 890 2249 clero
913 2181 1279 2269 injuriam,'rioler'1tiam,
1312 2191 1343 2248 et
1365 2189 1475 2248 contu·

192 2286 313 2353 maliem
336 2291 466 2364 ederent,
490 2287 601 2373 optime
624 2288 806 2373 intelligitis,
828 2287 1027 2356 venerabiles
1048 2290 1178 2357 Fratres.
1509 2295 1510 2298 ’

280 2394 314 2459 ln
344 2404 426 2460 tauta
456 2417 528 2461 vero
550 2396 709 2461 acerbitate
731 2417 793 2462 non
817 2398 877 2462 levi
898 2397 1045 2462 allicimur
1068 2396 1187 2480 gaudio,
1220 2416 1286 2465 cum
1310 2396 1473 2477 videamus,

190 2524 247 2587 qua
273 2504 390 2586 insigni
417 2523 492 2568 sene
522 2505 590 2583 lide,
623 2507 768 2587 patientie
790 2513 820 2569 et
843 2492 1011 2570 constantia
1033 2504 1254 2570 commemorati
1276 2513 1338 2570 tum
1358 2504 1473 2571 'Dilecti

189 2610 261 2676 Filii
290 2611 395 2676 Nostri
423 2613 467 2678 S.·
486 2613 521 2678 lt.
552 2612 585 2676 E.
616 2610 801 2687 cardinales,
836 2591 898 2678 tum
931 2611 1126 2677 venerabiles
1158 2611 1285 2677 Ecetras
1315 2614 1474 2679 Sacrorum

188 2716 351 2782 Antistites
374 2736 490 2786 summa
512 2735 577 2783 cum
596 2739 698 2784 corum
715 2720 845 2784 nominis
858 2719 945 2784 leude
961 2739 1064 2784 omncs
1080 2739 1245 2795 aerumnas,
1270 2721 1475 2786 calamitates-

189 2847 246 2909 que
276 2826 342 2889 siue
372 2824 433 2890 ulla
450 2824 535 2913 justa
557 2824 730 2891 causasibi
751 2821 855 2891 illatas
876 2824 1014 2906 tolerare,
1045 2833 1075 2890 ct
1105 2825 1258 2908 Ecclesiae
1281 2824 1475 2912 justitiaeque

189 2953 312 2998 causam
336 2938 457 2997 strenua
479 2931 642 2996 defendere
664 2929 843 3015 glorientur,
867 2940 897 3018 et
919 2949 986 2995 eum
1008 2930 1096 2996 simul
1113 2926 1281 3024 'noscamus
1303 2953 1359 3016 qua
1375 2934 1475 2999 tirmi-

189 3049 262 3120 tete,
294 3033 399 3122 paucis
429 3041 576 3122 exceptis,
605 3036 711 3103 ltaliae
734 3037 849 3104 rClerus
879 3044 962 3104 omni
984 3025 1238 3104 commendatione
1261 3038 1380 3122 diguus,
1403 3059 1474 3106 suaa

186 3151 365 3214 vocationis,
381 3154 411 3211 et
433 3147 526 3211 cilicii
545 3155 659 3211 memor
681 3143 852 3212 illustribus
866 3167 984 3213 suorum
999 3145 1174 3212 Antistitum
1188 3149 1327 3230 vestigiis
1340 3149 1473 3225 insistet,

192 3257 358 3338 omnesque
381 3254 511 3337 perierat
533 3251 696 3340 molestias,
719 3257 907 3327 vexationes,
929 3273 1040 3338 suoque
1056 3273 1176 3320 muuere
1189 3258 1309 3338 egregie
1323 3255 1473 3336 iungetur.

281 3357 360 3428 Dum
373 3371 469 3427 autem
481 3362 589 3448 intimo
596 3380 735 3442 moerore
747 3360 927 3442 conficimur,
942 3361 1109 3444 apostolici
1118 3362 1225 3427 Nostri
1235 3366 1368 3427 muneris
1379 3363 1473 3446 proba

189 3492 340 3538 memores
368 3490 517 3554 nunquam
546 3467 726 3534 desistemus
757 3469 860 3536 divino
891 3467 1008 3534 auxilio
1030 3472 1141 3535 suffulti
1171 3469 1321 3535 Ecclesiae
1352 3489 1473 3536 causam

188 3579 288 3647 Nobis
317 3580 354 3642 ab
385 3583 449 3662 ipso
474 3559 588 3643 Christi
610 3578 741 3642 Domino
765 3577 909 3642 divinitus
932 3577 1122 3642 commissam
1145 3558 1224 3644 omui
1246 3578 1354 3657 studio,
1381 3581 1472 3642 totis-

189 3708 247 3772 que
269 3687 385 3751 viribue
408 3687 556 3768 impavida
578 3704 773 3769 propugnare.
793 3747 795 3752 ,
822 3681 1021 3766 Quamobrem
1044 3684 1076 3749 iu
1091 3687 1147 3778 lroc
1161 3685 1347 3768 amplissimo
1361 3685 1471 3750 Vestro

188 3814 348 3874 consessu,
380 3802 409 3858 et
436 3813 536 3858 eorem
567 3792 707 3858 universo
737 3789 886 3857 catholico
917 3793 989 3856 orbe
1011 3793 1154 3858 Nostram
1184 3790 1343 3856 attolentes
1367 3810 1471 3876 vocem

188 3912 251 3966 tam
273 3901 383 3982 tristis,
407 3909 436 3965 ot
457 3920 607 3984 nunquam
628 3899 703 3964 setis
727 3898 909 3982 deploranda
923 3899 1001 3964 iacta
1019 3901 1142 3973 omuino¹
1155 3899 1359 3981 reprobamus,
1383 3900 1471 3965 dam,-
1559 3915 1562 3930 ·

187 4029 305 4089 namus,
327 4027 363 4070 ac
384 4007 507 4094 majore,
532 4007 588 4091 que
611 4025 781 4090 possumus,
805 4007 897 4070 enimi
913 4005 1019 4070 Nostri
1034 4009 1223 4070 contentione
1238 4006 1470 4070 ecclesiasticam

187 4121 404 4182 immunitatem
427 4115 578 4196 violatam,
612 4113 838 4178 Oardiuelitiam
862 4123 891 4177 et
914 4113 1112 4197 episcopalem
1134 4105 1317 4206 Dignitatem
1340 4112 1471 4197 despec-

187 4238 262 4309 tam,
293 4223 526 4289 eaalesiasticum
558 4221 692 4288 ordinem
725 4222 877 4297 afflictum,
908 4229 938 4286 et
968 4221 1065 4286 omnia
1088 4219 1245 4292 Ecclesiae,
1274 4228 1359 4304 atquc
1381 4220 1469 4307 hujus

188 4307 383 4417 Apostolicae
405 4330 494 4396 Sedis
512 4328 583 4417 jure
605 4329 778 4412 proculcata
792 4332 882 4392 etiam
898 4337 985 4412 atque
1000 4329 1088 4392 ctiam
1103 4326 1308 4410 reclamemus,
1325 4326 1354 4393 et
1368 4329 1470 4392 recla-

188 4461 273 4506 mare
296 4459 443 4522 nunquam
467 4424 647 4503 desinemus.
690 4425 695 4444 “

279 4527 388 4610 ilerum
410 4547 441 4609 iu
464 4544 519 4608 bec
541 4551 622 4608 tanta
643 4549 810 4624 temporum
832 4561 987 4626 rerumque
1009 4541 1220 4617 conversione,
1254 4544 1286 4605 ia
1308 4541 1364 4604 bec
1386 4547 1470 4605 teuta
1540 4607 1544 4625 ,

188 4654 341 4720 Ecclesiae
373 4655 607 4736 oppugnatione,
634 4654 833 4732 omniumque
858 4650 1036 4724 divinorum,
1072 4649 1323 4732 humanorumque
1355 4646 1468 4734 jurium

188 4759 424 4835 concrilcatioue,
453 4767 481 4823 ot
504 4756 671 4823 Sacerdotii
692 4764 865 4842 contemptu
887 4778 948 4822 non
971 4757 1162 4822 concidemus
1176 4758 1294 4835 animo,
1334 4757 1467 4818 Venere-

188 4869 265 4934 biles
273 4867 404 4934 Fratres.
421 4865 542 4933 Caelum
558 4865 635 4932 enim
652 4872 682 4931 et
697 4872 777 4932 terra
792 4867 970 4948 transibunt,
985 4864 1075 4930 verba
1091 4871 1189 4931 eutem
1200 4862 1468 4948 promissionesque
