3422 5270
466 223 658 288 'bassianis
686 233 833 288 conmutat
851 247 910 288 ron
927 231 953 288 ι.
973 235 1074 306 August
1093 235 1168 290 sset.
1378 237 1459 314 ²175
1519 303 1523 312 ,

188 425 267 491 lrand
279 429 420 510 praebere
430 428 573 509 gubernio
582 426 858 513 objiciendilocum
873 430 947 496 Cum
958 431 1462 513 Episcopusucccssariumduxerit

178 537 326 594 ⁴antoniaco
355 517 519 592 licciornm,
557 515 609 581 vel
631 516 845 600 Inspecto'rem‚
879 522 926 584 vel
948 518 1073 603 aliquem
1097 539 1135 584 ex
1158 520 1393 596 professoribus,
1412 530 1462 585 out

188 607 354 682 magistris,
387 608 487 670 stutirn
520 606 594 682 illlis
622 609 725 688 eodem
758 615 872 672 ratione
898 629 1098 682 successorem
1131 610 1191 675 dat.
1226 609 1295 691 Ipse
1316 603 1462 675 libertate

188 694 282 778 pollet
303 685 514 764 intermittendi
538 717 591 776 pro
612 705 748 804 ιιιιιριιιι
769 717 859 760 unum
887 697 935 762 rel
965 699 1052 780 plura
1074 697 1238 762 studiorum
1261 699 1408 762 curricula
1430 703 1461 762 iu

187 805 244 848 suo
275 784 449 850 seminario.
489 783 562 848 Cum
593 786 793 848 necessarium
816 791 1035 850 existimaverit
1065 789 1261 850 intermittere
1284 807 1388 852 omnus
1408 786 1462 850 iu·

187 874 278 937 simul
305 873 469 936 studiorum
498 857 610 942 dorsus
646 883 676 936 et
705 876 840 938 alumnos
862 876 900 940 ιι
922 894 993 976 suos
1002 886 1154 958 parentes
1172 878 1299 954 mittere,
1322 881 1462 986 contiuuo

188 964 364 1046 guberuirrro
392 965 529 1027 instruet.

277 1045 414 1115 XXIII
448 1051 698 1132 Arcbicpisccpns
731 1050 978 1134 Metropolitanus
1011 1011 1245 1117 Mobilowleusis
1279 1063 1398 1118 exercet
1431 1054 1461 1118 iu

188 1129 430 1206 Ιιιιιιιιιιιιιιιιιι
452 1141 642 1204 Academiam
665 1140 833 1222 Petropolis
855 1143 989 1205 cumdem
1012 1149 1226 1225 auctoritatem,
1263 1162 1350 1225 quam
1373 1147 1461 1249 quis-

189 1246 245 1313 que
267 1227 435 1312 Episcopus
465 1235 497 1291 in
526 1229 680 1310 proprium
703 1231 920 1294 Dioeccsauum
943 1210 1136 1295 seminarium
1160 1243 1288 1296 exercet.
1324 1231 1463 1294 huniae

188 1318 325 1404 ejusdcm
347 1319 524 1381 Academiae
547 1316 643 1398 Caput
666 1327 695 1380 ct
717 1311 875 1402 supremds
898 1320 1070 1384 Moderatus
1093 1332 1148 1386 est.
1172 1316 1283 1386 Coetus
1306 1319 1463 1385 constite-

188 1427 301 1472 rtorarm
330 1405 375 1467 nel
400 1407 623 1470 lllodersiorum
646 1408 824 1470 Acaricmiae
851 1407 1079 1472 consultationis
1102 1421 1215 1472 tontum
1238 1419 1354 1490 partes
1364 1412 1462 1474 babet

279 1491 412 1576 XXIV.
444 1495 555 1559 Eiectio
593 1499 736 1568 Rectoris,
770 1498 963 1578 inspectoris,
995 1508 1025 1562 et
1052 1499 1258 1572 Professorom
1288 1499 1463 1562 Academiae
1540 1509 1542 1514 '

189 1551 227 1651 ab
251 1571 487 1668 Areiriepiseopo
509 1583 586 1649 ιιι
580 1606 619 1650 ex
642 1587 786 1649 relatione
809 1587 936 1650 constiti
959 1589 1138 1653 Academici.
1170 1584 1254 1667 Quae
1276 1593 1307 1651 in
1323 1589 1463 1697 Ariicolo

189 1675 336 1741 xxti.r
302 1679 487 1756 praescripta
507 1686 578 1738 scot
599 1677 686 1738 br'sce
701 1677 896 1741 electionibus
922 1678 993 1740 item
1016 1686 1162 1758 aptantur.
1280 1687 1284 1722 '·

278 1758 394 1832 XXV
417 1764 623 1836 consessores
649 1772 678 1826 et
699 1764 842 1850 Adjcucti
864 1771 1054 1830 scientiarum
1077 1764 1323 1872 Tbeologicuram
1345 1785 1465 1849 semper

172 1873 229 1920 cx
251 1855 475 1920 Ecclesiasticls
498 1852 580 1916 Viris
602 1854 661 1932 eli„
644 1863 761 1916 Ἡιιιιιιιι·
797 1855 858 1917 Alii
881 1855 1023 1936 Magistri
1046 1852 1117 1933 clig'
1088 1873 1116 1917 vt
1139 1868 1278 1938 poterunt
1300 1873 1338 1919 ex
1361 1852 1462 1920 Laicis

188 1945 364 2010 nebulinum
395 1943 568 2024 religionem
599 1943 761 2008 Romanum
792 1941 1016 2026 prodientibus,
1053 1945 1148 2026 iisqne
1176 1945 1376 2026 praehabitis,
1414 1946 1464 2029 qul

189 2035 356 2104 studiorus'r
380 2032 554 2096 curriculum
577 2032 761 2094 confecerint
785 2038 814 2094 in
838 2035 937 2116 aliquo
960 2029 1073 2119 majora
1095 2035 1213 2130 imperii
1228 2034 1389 2114 Athenaeo,
1412 2045 1462 2097 ιι-

191 2139 247 2206 prro
268 2121 461 2188 Academicos
484 2111 595 2201 gradus
618 2123 728 2185 inerint
750 2125 933 2204 consequuti.
1245 2173 1247 2178 .

175 2233 177 2242 ·
278 2208 414 2277 xxvi
439 2208 650 2274 Crinscie'utiae
672 2209 882 2274 Moderatcn'es
905 2209 1090 2274 alumnorum
1113 2221 1175 2276 tum
1199 2210 1341 2296 cujusque
1362 2210 1464 2291 Βιιιιι-Ι

171 2303 278 2377 ¹sarii
300 2318 362 2365 tum
385 2301 562 2376 Academias
583 2298 695 2362 unllam
716 2301 775 2362 sibi
798 2309 938 2381 arrogent
960 2312 1035 2382 port
1045 2319 1074 2362 m
1088 2301 1127 2364 iu
1157 2300 1313 2381 dirigentia
1335 2299 1466 2364 lostitntl

187 2389 365 2484 disciplima
387 2391 449 2467 ipsi
460 2387 616 2468 cliguntur,
639 2398 670 2452 st
683 2391 911 2453 nourinsbuntur
925 2392 962 2452 cb
977 2392 1135 2473 lipiscopc,
1159 2391 1205 2453 uel
1219 2391 1463 2472 Arcbiepiscnpo.

280 2467 429 2546 XXVII.
454 2478 528 2540 Post
547 2497 654 2540 noram
676 2478 863 2542 Diorceaium
888 2480 1191 2580 circumscriptionem
1214 2480 1463 2562 Arclriepiscopus

188 2569 280 2650 scmal
312 2581 342 2634 et
370 2575 399 2632 ιιι
429 2577 601 2673 perpetuum
635 2585 700 2630 cum
739 2568 964 2632 ordinariorum
1003 2573 1131 2632 consilio
1167 2565 1277 2631 s'tatuet
1311 2587 1463 2632 numerum

190 2643 386 2724 alumnorum
411 2659 459 2738 qui
482 2657 526 2718 ub
541 2675 711 2739 uncqrrsquc
734 2658 872 2720 Dioccesi
895 2660 934 2721 sd
956 2660 1144 2722 Academiam
1168 2659 1245 2720 mitti
1267 2663 1416 2739 poterint.

279 2743 449 2813 XXVIII.
471 2745 672 2826 Programms
687 2747 856 2809 Studiorum
879 2767 935 2828 pro
957 2747 1130 2832 seminariis
1153 2746 1303 2827 redigetur
1318 2748 1355 2810 ab
1372 2749 1463 2827 Epis-

192 2842 288 2920 copis
320 2839 380 2901 Pro
406 2834 568 2900 Academia
597 2835 634 2895 ab
662 2835 905 2917 Arubieplscopo‚
939 2850 1091 2962 postquam
1119 2855 1182 2899 rem
1214 2854 1280 2898 cum
1302 2854 1359 2899 sno
1381 2836 1464 2899 Aca-

191 2927 307 3032 donnico
330 2924 464 2990 Consilio
486 2921 654 2986 contulerit.

236 3011 421 3080 XXIX
441 3015 602 3095 Postquam
624 3011 743 3093 regulae
764 3011 940 3084 Academiae
962 3012 1189 3078 Ecclesiasticus
1202 3012 1374 3094 Potropolis
1393 3031 1465 3076 mo·

192 3105 376 3168 dificatioucs
404 3103 550 3167 subierint
581 3102 747 3164 conformes
775 3101 931 3176 institutis,
968 3103 1004 3165 da
1035 3103 1139 3185 peribus
1170 3108 1200 3164 in
1224 3100 1466 3183 praecedentibus

192 3194 334 3258 Articulis
358 3185 533 3257 conventum
557 3197 612 3262 est,
636 3190 889 3273 Archiepiscopns
911 3191 1146 3255 Mobilowieusis
1170 3192 1205 3254 de
1228 3187 1293 3271 ipss
1307 3190 1466 3254 Academia

191 3282 368 3346 relationem
396 3281 434 3345 sd
463 3282 495 3343 S.
525 3279 630 3343 Sedcm
663 3281 760 3344 mittet
789 3279 833 3343 illi
855 3299 967 3362 parem,
1005 3299 1091 3362 quoru
1113 3280 1365 3361 Archiepiscopus
1387 3280 1463 3340 lar-

176 3375 343 3436 semensis
378 3367 614 3447 Klaoromansiy
650 3369 785 3439 coniecit
821 3389 907 3464 quum
944 3370 1117 3434 Academia
1138 3367 1344 3434 ecclesiastica
1375 3364 1464 3451 liujus

192 3461 323 3524 civitatis
346 3459 402 3523 ιιιιι
427 3462 574 3524 restituta.
1060 3465 1069 3496 ι

280 3545 400 3624 XXX
422 3544 644 3629 Ubicumqua'
629 3566 681 3630 Jus
709 3554 882 3628 potronatus
912 3517 989 3610 band
1019 3547 1134 3615 existit.
1171 3549 1218 3609 rei
1246 3565 1301 3636 pro
1331 3554 1464 3627 tempora

193 3649 241 3702 est
263 3641 475 3716 intermissum,
497 3643 689 3700 nominantur
710 3639 747 3698 ab
762 3635 913 3717 Episcopo
928 3635 1056 3700 Paroclri
1072 3636 1222 3700 (inberulo
1244 3627 1326 3700 baud
1344 3635 1465 3724 ingrati,

192 3732 317 3810 praecio
338 3731 479 3792 examine
501 3734 532 3788 et
561 3737 709 3831 concursu
738 3727 817 3788 iuter
849 3721 1050 3825 canditatus
1034 3737 1123 3811 Juxta
1145 3722 1264 3808 regulas
1286 3737 1306 3788 ι
1327 3704 1464 3787 Concilio

193 3815 373 3880 Tridentino
395 3819 651 3896 praescriptas.

199 3961 202 3967 .
281 3889 420 3970 XXXI.
445 3903 573 3984 Templa
593 3901 739 3966 rotbolics
759 3923 883 3968 romans
903 3905 996 3969 libers
1018 3901 1191 3986 reparantur
1206 3920 1275 3965 nere
1289 3899 1465 3966 Communi-

192 3972 295 4067 tunm.
327 3999 375 4058 rel
402 3999 585 4077 priuatorum
613 3992 763 4056 bominum
795 3995 843 4076 qui
874 3993 911 4056 ιι
905 3991 1044 4078 Jusmudt
1067 4011 1167 4054 curam
1189 3992 1340 4071 suscipere
1361 3989 1462 4053 velint.

196 4080 446 4168 Quotiescumque
466 4098 568 4147 eorum
590 4081 670 4144 sires
693 4079 782 4144 baud
792 4079 968 4153 suldcereut
1001 4079 1156 4188 imperiale
1178 4080 1359 4142 Gubernium
1382 4079 1465 4143 adire

194 4183 355 4256 poterent„
366 4183 401 4237 ιιι
421 4167 590 4239 neccssaria
612 4171 744 4233 mbsidia
767 4172 928 4249 obtineant.
952 4167 1118 4233 Consilium
1142 4171 1273 4250 capietur
1287 4187 1365 4231 nora
1379 4167 1465 4231 aedi-

193 4261 308 4327 transt
333 4263 451 4344 templa.
482 4269 513 4324 ei
542 4259 750 4323 Paroreiaram
778 4279 932 4324 numerum
956 4257 1064 4341 ugcsdi
1093 4275 1181 4340 quom
1208 4257 1240 4321 id
1263 4255 1395 4338 postulet
1415 4257 1464 4320 sel

193 4351 296 4434 populi
325 4356 547 4420 incrementum
584 4349 632 4412 rel
664 4350 759 4412 ainria
785 4350 978 4436 existentium
1007 4355 1210 4431 paroeciarum
1240 4345 1403 4430 amplitudo
1432 4354 1465 4410 et

192 4445 492 4524 communicationum
515 4436 686 4505 difficultas.
1423 4461 1426 4473 ¹

282 4547 395 4624 Romae
424 4552 454 4614 3.
477 4546 605 4627 Augusti
628 4543 722 4632 isti.
1062 4557 1070 4566 “

174 4655 179 4661 “
239 4652 280 4721 ιι.
299 4649 395 4723 Curti.
417 4645 656 4719 Lomdrutclu'm'.
766 4688 771 4720 ι
890 4677 891 4680 ’
1019 4645 1061 4716 t.
1084 4643 1244 4724 Concede
1263 4635 1442 4735 Blmduffl

275 4779 287 4792 ‘·
329 4775 353 4824 Ἃ
477 4789 524 4800 ⁴·
1017 4750 1254 4838 cumcurn.
1323 4783 1325 4788 ·
1389 4841 1422 4858 ff

725 4872 936 4908 ω
962 4865 964 4872 ’
