3458 5270
460 240 631 314 Kumtprenn,
645 237 776 312 ¹lilrereelt
794 246 842 298 ὰοι
859 242 994 300 liernlari
1011 255 1064 300 ven
1075 243 1164 303 iane.
1283 301 1287 312 ,
1366 240 1457 326 253Ι

268 437 333 504 Neo
353 433 460 506 ltemm
483 435 621 528 objioies,
643 438 731 524 quod·
744 437 843 524 eliqua
863 436 994 523 oepitula
1015 439 1200 525 praeeipiuut
1218 458 1449 528 unumquemque

178 545 370 611 abstineres
400 548 464 612 suia
495 546 724 630 eonsenguineie
747 566 838 632 usque
866 546 897 610 ln
926 551 1085 638 septimum
1116 549 1250 631 marium,
1273 556 1303 614 et
1324 548 1448 630 addunt,

178 651 315 739 quamdiu
330 653 483 736 parentela
498 655 697 736 eognosoltur,
713 661 763 719 eut
778 655 809 717 in
825 654 964 719 memoria
979 658 1138 730 retinetnr3
1156 656 1201 721 eie
1215 659 1293 720 euim
1308 657 1397 722 etism
1412 653 1447 744 ¹)

141 810 155 850 4
177 757 254 824 ultra
276 764 433 844 septimum
456 759 580 843 predum
602 760 718 848 videtur
740 761 846 844 aopula
867 779 933 825 esse
955 762 1113 845 prohibite.
1157 779 1177 822 f

265 867 324 932 sed
341 873 422 942 uota,
446 866 524 952 quod
539 885 605 946 oum
619 868 651 932 in
662 860 884 950 Vllss'gredibus
899 869 997 933 omnis
1012 870 1164 951 parentela
1180 865 1345 950 olaudotur,
1369 861 1449 932 ultre

174 977 331 1060 septimum
353 974 478 1056 malum
500 971 654 1058 parentela
674 978 834 1056 nominari,
861 972 912 1040 vel
934 979 1076 1058 eognosoi
1097 995 1157 1041 non
1181 982 1281 1059 potest
1296 969 1336 1052 ²),
1359 974 1449 1038 ideo-

176 1080 289 1165 quein
317 1100 377 1146 uuo
395 1078 428 1167 8)
457 1082 515 1146 erit
542 1083 694 1166 expositio
723 1079 861 1158 ulterius,
891 1091 924 1148 ut
952 1084 992 1146 sit
1020 1101 1143 1150 sensus:
1172 1081 1344 1166 progeniem
1365 1100 1449 1145 suam

176 1207 408 1275 unumquemque
437 1187 557 1254 servare
587 1196 703 1272 oportet
735 1209 825 1274 usqne
854 1189 894 1254 etl
923 1193 1081 1273 septimum
1110 1198 1139 1254 et
1165 1196 1234 1274 post
1251 1183 1296 1267 ⁴),
1332 1186 1363 1252 ii
1391 1194 1449 1268 est,

175 1296 313 1379 quamdiu
335 1315 370 1361 se
390 1302 573 1380 eognosount
588 1296 741 1377 affinitate,
764 1296 867 1372 idest,
890 1298 1144 1380 consanguinitate
1157 1297 1354 1382 propinques,
1379 1284 1448 1359 nam

174 1420 235 1468 non
258 1404 337 1468 ultra
358 1421 391 1467 sa
413 1407 596 1488 propinquos
619 1421 685 1468 ease
708 1409 899 1486 cognoscunt.

185 1491 188 1590 J
263 1509 347 1574 Haeo
369 1509 522 1593 expositio
544 1509 668 1575 hebetur
689 1514 721 1575 in
744 1511 841 1594 oepite
863 1510 906 1574 ed
926 1507 1025 1576 eedem
1046 1504 1244 1592 apostolieum
1257 1504 1296 1588 5).

266 1612 396 1697 Quidem
418 1622 515 1680 tamen
538 1614 594 1679 lroo
611 1613 640 1697 ⁶)
663 1617 700 1681 (le
722 1617 851 1682 oonsilio
874 1618 983 1682 tiletum
999 1623 1145 1693 esserunt,
1166 1617 1303 1681 eliirere
1316 1609 1451 1682 referunt

174 1723 232 1788 loa
254 1723 293 1788 eol
314 1725 401 1805 illes,
432 1721 482 1808 qul
504 1729 575 1788 eunt
595 1743 637 1790 ex
659 1722 759 1789 eedem
783 1728 887 1808 stirpe,
911 1723 1117 1808 cognationem
1139 1724 1251 1807 stipitis
1273 1716 1447 1790 retinentes.

262 1831 383 1912 Diount,
413 1850 467 1896 eos
489 1831 548 1897 etei
568 1831 727 1916 septimum
742 1832 873 1916 ‘predum
896 1831 1049 1906 excedent,
1079 1847 1167 1896 oaurs
1189 1837 1287 1895 tamen
1309 1826 1449 1913 publicae

174 1937 340 2002 honestatis
363 1937 508 2026 eonjungi
529 1956 590 2003 non
618 1957 723 2022 posse,
762 1940 851 2004 siouti
879 1943 908 2004 sl
937 1938 1051 2005 luerint
1078 1939 1115 2004 (le
1142 1941 1318 2022 eognstione
1344 1938 1448 2021 sarip-

174 2047 288 2110 tionum
304 2041 334 2124 7)
360 2051 390 2111 et
412 2044 506 2128 ipsam
528 2045 738 2129 aognatleuem
756 2030 789 2133 18)
811 2046 967 2112 retineant.

261 2152 324 2216 Neo
352 2153 460 2217 iterum
482 2151 654 2241 objiciatur,
687 2152 764 2237 quoti
787 2141 951 2238 Gregorius
973 2155 1005 2216 ir
1029 2157 1135 2237 quarto
1156 2148 1205 2216 vel
1227 2153 1331 2235 quinte
1352 2149 1449 2234 melu

174 2255 411 2343 eonjunotlonem
433 2259 580 2343 permittit
597 2259 645 2343 ⁹),
667 2267 700 2326 ut
713 2279 804 2327 oense
817 2261 919 2325 eudem
933 2257 1106 2348 quaestione
1121 2264 1143 2327 2
1157 2258 1308 2344 quaedem
1321 2257 1371 2325 leo
1385 2255 1447 2343 ¹⁰),
1499 2308 1502 2317 s

173 2383 242 2432 eum
270 2373 403 2447 oenstet,
434 2387 501 2456 eum
531 2367 606 2434 illud
635 2366 805 2452 speeiullter
822 2353 967 2452 'Anglieis
996 2386 1091 2452 nuper
1118 2367 1157 2431 ad
1185 2365 1273 2433 idem
1295 2367 1448 2432 eonversie

172 2474 361 2539 ooneessiese
383 2481 495 2539 tuntum
518 2473 555 2538 ad
579 2482 705 2558 tempure.

261 2581 421 2648 Praeterea
442 2581 605 2650 nomnium
620 2579 680 2664 ¹¹),
692 2582 780 2668 ,quoi
801 2585 830 2648 si
852 2582 903 2668 qui
924 2578 1117 2668 inaequaliter
1138 2577 1324 2648 deseenduut
1344 2599 1363 2644 ι
1386 2581 1449 2645 sti-

163 2690 248 2772 pite,
278 2695 343 2755 toto
366 2676 568 2773 gratamur
591 2709 625 2756 se
655 2690 817 2772 distabunt,
847 2698 936 2773 quote
966 2685 1272 2774 deseendit12)ille,
1306 2691 1357 2774 qui
1377 2686 1449 2773 plue

174 2793 347 2876 deseendit,
384 2796 467 2861 verbi
496 2795 592 2880 gratie
613 2797 768 2862 deseendit
789 2816 865 2862 unus
888 2805 992 2882 quarto
1013 2797 1117 2879 modu,
1140 2797 1219 2861 alius
1234 2795 1347 2880 quinto,
1369 2795 1448 2862 inter

171 2919 204 2967 se
226 2902 381 2968 distabunt
404 2902 516 2988 quinto,
539 2905 693 2971 imoendit
715 2924 791 2971 nnus
814 2907 915 2989 quinte
937 2905 985 2970 vel
1007 2911 1106 2978 sexto,
1128 2900 1207 2967 nlius
1230 2906 1370 2986 septime.

260 3029 294 3093 Ιί
315 3047 389 3111 ergo
412 3029 509 3128 alipua
530 3048 724 3114 personarum
753 3030 908 3096 deseendit
937 3049 955 3094 a
983 3030 1086 3112 stipite
1114 3035 1219 3094 oetaeo
1248 3025 1353 3110 gradu
1386 3027 1445 3090 eliu

170 3153 242 3200 vero
263 3142 363 3213 texto,
384 3134 432 3222 vel
453 3139 589 3220 septimo,
610 3135 658 3204 vel
681 3141 792 3224 quinto,
816 3137 864 3201 oei
887 3145 1000 3222 quarto,
1022 3143 1147 3222 possunt
1167 3134 1249 3200 lleite
1271 3133 1444 3198 contrahere

171 3243 408 3326 matrimonium,
438 3261 504 3310 oum
527 3245 639 3312 distem
661 3249 740 3311 inter
762 3264 794 3310 se
817 3251 933 3312 oetam.
1008 3240 1010 3246 '

259 3371 306 3434 De
327 3366 446 3436 erboris
468 3373 602 3455 pletura,
639 3390 713 3456 qnae
734 3370 832 3456 patim
855 3369 895 3444 erl
916 3372 1033 3438 litterae
1055 3368 1274 3454 expositionem
1298 3383 1383 3450 quem
1404 3361 1444 3428 sol

173 3473 317 3559 mutuum
354 3477 603 3562 eomputationem
639 3464 737 3555 reim,
773 3482 920 3549 iuteresse
951 3495 1014 3546 non
1045 3479 1157 3554 emavi,
1189 3474 1352 3543 utinum
1384 3473 1443 3535 iet·

170 3580 316 3648 mittere.

257 3849 284 3918 ¹)
302 3852 363 3906 coi
381 3851 415 3907 11.
433 3851 539 3908 tasum.

252 3939 279 4008 ²)
297 3942 359 3997 cod.
378 3941 406 3994 1:
426 3941 482 3993 de:
508 3942 551 3994 vel
569 3943 702 4008 cognorat.

254 4031 280 4099 3)
299 4031 362 4084 θοὰ.
381 4033 420 4083 ii:
440 4043 529 4082 unum.

252 4120 279 4187 ⁴)
297 4121 361 4174 Coe.
381 4121 421 4172 11:
442 4132 500 4184 pro.

253 4209 279 4278 ὅ)
299 4225 322 4263 e.
341 4213 366 4264 2.
386 4211 414 4265 c.
432 4209 524 4263 xxxV.
544 4223 588 4276 pu.
605 4211 632 4262 5.

253 4301 278 4369 ⁸)
297 4301 360 4352 cod.
381 4301 400 4352 l.
420 4299 479 4352 olo:
505 4299 562 4352 hoo.

251 4389 277 4456 ¹)
295 4389 359 4444 cori.
377 4389 418 4442 11:
436 4390 577 4452 eiplonum.

196 4502 197 4506 ,
252 4478 281 4544 ⁸)
298 4478 360 4531 θοὰ
377 4479 412 4530 ll:
430 4480 519 4541 ipsum
536 4489 692 4544 eoguemen.

250 4569 279 4632 ⁹)
297 4567 358 4620 cmi.
376 4568 407 4621 ll.
426 4567 466 4618 ὰο.

241 4657 280 4724 ¹⁰)
298 4671 320 4708 ο.
338 4657 373 4711 2⁰
392 4657 422 4712 c.
439 4653 534 4726 XXXV.
552 4669 596 4722 qu.
616 4654 635 4711 2
653 4661 680 4709 et
696 4658 722 4709 t.

241 4744 280 4808 ¹¹)
299 4745 363 4798 Oet.
380 4749 406 4800 1:
424 4752 524 4801 notum.

241 4830 282 4901 ¹¹)
300 4833 362 4893 cod.
378 4833 406 4888 lt
423 4837 513 4890 unua
