3426 5268
298 209 301 214 .
436 167 559 226 cornuis
578 167 708 228 servum
726 151 755 219 iu
771 167 908 240 erigendis
925 132 1232 236 ccnt'retersitstibns.a
1322 227 1327 256 3
1372 167 1449 246 339

185 359 329 428 comata
351 363 506 428 saecunda
529 360 640 430 emtam
662 365 696 432 in
717 359 1022 447 mistaniialilus1)
1045 385 1067 430 a
1080 360 1297 445 Superioribus
1311 359 1451 447 Reputa-

182 447 618 537 connumerationem
647 453 800 538 capenatis
827 474 882 520 seu
908 453 1108 520 instituendis
1135 451 1451 535 confectumtatibos

227 561 266 610 ae
281 543 536 610 communicandis
552 537 758 627 indulgentiis
771 549 803 608 et
812 545 930 628 gratiis
951 540 1166 625 spiritualibus
1186 563 1263 628 quas
1283 562 1306 610 a
1327 537 1407 608 Sede

612 629 791 714 Apostolica
812 633 1019 700 obtinuerunt.

367 743 371 754 '
476 762 480 782 ¹
576 797 578 812 ι
687 773 727 838 Ν.
751 775 790 838 Ν.
815 774 942 839 Ordinis
964 775 1003 842 Ν.
1027 771 1183 838 mussulis
1197 770 1239 856 ²)·

250 891 389 975 ,Religio
419 904 524 959 nostra
552 915 618 961 cum
648 898 725 958 inter
753 895 811 960 alia
840 895 992 979 privilegis
1016 898 1120 980 quibem
1142 917 1160 961 a
1181 898 1258 962 cede
1280 895 1453 980 Apostolics

183 981 325 1047 decorata
354 991 401 1046 est
425 983 593 1049 facultatem
617 985 723 1050 babeat
744 982 940 1050 saecularium
965 985 1231 1056 cunfreternitates
1251 987 1306 1051 sub
1328 991 1453 1056 mucce·

184 1076 268 1136 tione
297 1073 334 1136 N.
359 1073 504 1153 erigendi.
537 1077 638 1156 eisque
667 1075 838 1155 spirituales
869 1080 981 1155 gratiss
1009 1076 1166 1158 privilegia
1192 1086 1222 1138 et
1249 1073 1452 1157 Indulgentiae

183 1162 432 1240 communicandi,
454 1161 484 1224 iu
507 1161 676 1249 hujusmodi
693 1160 991 1228 confraternitatibus
1005 1163 1206 1242 instituendis,
1228 1169 1256 1227 sl
1269 1164 1306 1228 ad
1321 1162 1452 1229 christi-

184 1249 314 1314 fidelium
337 1248 462 1314 salutem
485 1251 716 1332 promovendam
738 1251 879 1334 expedire
900 1253 1116 1325 animadvertit.
1137 1251 1288 1317 liberalem
1308 1273 1340 1317 sa
1361 1273 1452 1338 prac-

184 1338 255 1402 bere
277 1345 440 1403 consuevit.
484 1339 550 1404 Nus
578 1341 670 1422 igitur
702 1341 751 1422 qui
778 1341 943 1422 generalem
973 1343 1065 1406 tatius
1087 1340 1209 1406 Ordinis
1234 1341 1332 1408 nostri
1353 1361 1452 1409 emam

184 1425 316 1510 gerimus
346 1435 502 1512 sperantes
531 1430 599 1493 iore
626 1439 658 1492 ut
686 1447 726 1492 ex
748 1429 802 1492 bac
825 1430 1021 1511 spiritualium
1042 1435 1205 1512 gratismm
1227 1433 1454 1515 participatione

186 1515 404 1581 christifideles
431 1517 470 1580 sd
503 1519 686 1582 devotionem
720 1525 750 1582 et
782 1521 920 1601 pietatem
953 1521 1051 1600 magia
1082 1523 1251 1584 excitentur
1282 1525 1454 1586 auctoritato

184 1605 281 1670 Nobis
305 1601 476 1673 n'cummis
500 1606 695 1672 Pontificibus
718 1624 860 1670 concesse
882 1605 1160 1673 confraternitatem
1174 1608 1212 1672 N.
1228 1612 1260 1672 in
1273 1610 1400 1674 ecclesia
1414 1613 1453 1676 N.

185 1695 222 1759 da
243 1714 392 1760 consensu
421 1694 480 1761 laci
502 1694 654 1759 Ordinarii
682 1695 731 1779 qui
760 1694 892 1782 ejusdem
916 1695 1176 1762 confraternitatis
1199 1700 1363 1763 institutum
1384 1703 1454 1782 pie-

184 1791 274 1850 tatem
297 1801 333 1846 sc
354 1783 530 1866 religionem
552 1783 677 1850 Litteris
700 1785 867 1867 patentibus
888 1788 977 1850 nobis
1004 1805 1098 1869 nuper
1127 1787 1269 1851 exhibitis
1300 1805 1453 1852 commen-

185 1872 276 1952 darit,
299 1872 459 1938 dummodo
481 1875 551 1938 talis
573 1871 631 1938 alis
654 1874 762 1936 similis
784 1875 816 1937 in
838 1879 905 1955 ipsc
928 1873 975 1938 rel
997 1873 1057 1938 alic
1080 1875 1117 1939 sd
1140 1877 1197 1939 tris
1219 1873 1358 1940 milliaris
1379 1896 1455 1960 pro-

184 1967 293 2046 pinquo
321 1962 388 2026 icco
416 1961 557 2028 hactenus
580 1971 677 2026 erecta
698 1979 758 2026 non
780 1962 880 2038 fucrit,
912 1982 967 2044 per
987 1971 1159 2045 praesentes
1181 1973 1301 2028 nosnos
1321 1963 1454 2032 Litteras

184 2055 326 2133 erigimus
357 2060 387 2115 et
415 2050 599 2116 instituimus
625 2051 743 2133 illisque
772 2059 802 2114 et
832 2073 887 2133 pro
916 2062 1048 2136 tempore
1065 2052 1277 2118 existentibus
1299 2053 1455 2137 utriusque

183 2140 285 2205 flexus
304 2138 514 2204 confratribus
541 2139 701 2222 elargimur
729 2148 758 2205 et
786 2145 1035 2204 communicamus
1063 2141 1265 2224 indulgentias
1293 2140 1455 2225 privilegis

185 2239 216 2294 et
236 2229 382 2312 speciales
405 2231 519 2310 gratias
542 2229 718 2310 singillatim
741 2229 903 2311 descriptas
929 2235 960 2293 in
983 2228 1106 2296 elencbc
1129 2250 1214 2314 qnam
1236 2231 1293 2296 rita
1315 2251 1370 2314 per
1392 2230 1455 2296 cr-

183 2317 328 2382 dinssium
350 2315 408 2382 loci
430 2322 615 2400 recognitum
637 2336 694 2381 una
716 2335 783 2380 cum
805 2318 852 2382 bis
874 2319 1000 2384 Litteris
1019 2319 1165 2384 tradimus
1180 2319 1339 2401 diligenter
1353 2339 1456 2384 esser-

183 2407 311 2471 sendum
327 2402 368 2484 ³).
411 2402 526 2486 Quibus
558 2408 696 2472 omnibns
729 2403 928 2490 indulgentiis
961 2415 991 2472 st
1023 2403 1231 2490 spiritualibus
1262 2409 1367 2491 gratiis
1398 2409 1456 2472 de·
1570 2436 1576 2448 ,

184 2499 308 2579 scriptia
331 2493 612 2560 confraternitatem
642 2498 735 2576 ipsam
762 2515 840 2560 nunc
868 2505 996 2562 erectam
1023 2497 1145 2584 ejusque
1166 2496 1342 2563 confratres
1365 2497 1455 2581 pciirl

185 2591 215 2649 et
238 2583 366 2666 gaudere
395 2604 487 2666 passe
518 2583 700 2650 decernimus
724 2582 814 2668 juxta
843 2604 877 2648 aa
908 2605 981 2668 quac
1004 2584 1055 2651 iel.
1078 2606 1165 2652 mam.
1211 2583 1352 2652 clemens
1374 2586 1457 2668 Papa

184 2673 262 2738 vlit
279 2675 310 2738 in
327 2665 543 2738 Constitutione
558 2691 630 2757 qnae
645 2675 767 2755 insipit:
789 2671 1000 2758 Quaecumque
1014 2672 1082 2738 dats
1097 2676 1151 2738 snb
1166 2674 1214 2738 dle
1233 2680 1264 2742 7.
1280 2675 1455 2740 Decembris

188 2769 274 2832 ilici
296 2762 492 2844 praescripsit
512 2769 543 2825 ct
563 2761 742 2826 remotiones
764 2782 783 2825 a
804 2763 897 2846 Scmc
919 2763 957 2828 1).
979 2761 1019 2826 Ν.
1041 2762 1096 2826 Pia
1109 2763 1176 2827 NP.
1197 2761 1251 2829 lx.
1273 2765 1455 2847 approbatas

185 2860 219 2916 ut
239 2870 279 2917 ex
301 2852 429 2915 Decreta
452 2851 482 2919 c.
507 2847 756 2934 congregationis
777 2849 1029 2933 indulgentiarum
1059 2851 1118 2915 diei
1147 2857 1178 2919 8.
1201 2852 1337 2916 incauli
1360 2857 1455 2925 tect.

101 2947 108 2969 ³
185 2947 216 3006 et
238 2938 324 3027 cajus
347 2937 579 3003 constitutionis
609 2943 767 3032 praecipue
794 2937 901 3022 capite
930 2959 995 3004 cum
1025 2939 1123 3004 dictis
1144 2940 1355 3006 variationibus
1381 2940 1456 3018 sub-

184 3037 341 3094 nectuntur
357 3025 387 3106 ⁴)
408 3027 520 3092 scilicet
544 3033 573 3095 i.
589 3022 679 3109 onoc
694 3028 779 3091 unica
794 3036 908 3092 tantam
924 3026 1161 3093 confraternitas
1176 3025 1310 3114 ejusdam
1325 3028 1456 3094 instituti

185 3127 216 3184 et
237 3118 357 3202 generis
379 3117 495 3182 institui
516 3124 547 3182 et
568 3121 726 3202 aggregari
748 3121 846 3205 possit
867 3120 898 3182 in
920 3116 1065 3182 Eccleaiis
1080 3124 1141 3182 mm
1155 3116 1355 3183 mansuem
1369 3137 1455 3204 paam

180 3415 194 3420 ··
260 3400 284 3468 ¹)
303 3403 403 3455 Dicitur
426 3404 457 3455 tn
479 3402 700 3456 substantialibus
723 3407 850 3467 quatenus
871 3415 924 3452 non
946 3404 981 3452 stt
1004 3406 1114 3454 vetitum
1139 3403 1238 3455 addere
1255 3401 1299 3454 rel
1316 3404 1456 3454 immutare

187 3476 276 3542 allana
293 3479 322 3528 in
339 3475 432 3527 melem
449 3486 516 3539 qnae
539 3477 711 3528 substantians
734 3487 787 3525 non
810 3473 937 3525 alliciant.
971 3475 1106 3537 iutegrum
1132 3477 1211 3525 etism
1236 3475 1288 3524 erit
1312 3475 1457 3537 unicuique

188 3546 439 3613 ordinilleligicui,
457 3548 577 3600 instituto
594 3549 652 3600 sive
671 3547 801 3610 cmginem
819 3547 878 3596 stus
896 3548 1083 3608 praestantiam
1100 3547 1202 3609 proprii
1220 3544 1328 3618 ordinis·
1338 3547 1456 3596 indicare

188 3624 216 3670 et
233 3620 285 3670 alla
303 3631 370 3683 puae
388 3619 475 3669 sclent
492 3621 521 3668 ln
538 3618 692 3680 hujusmodi
710 3618 816 3668 litteris
834 3619 934 3680 exponi.
1321 3643 1324 3651 ·

259 3703 288 3769 ²)
305 3707 352 3758 lile
374 3708 530 3769 exprimitur
553 3720 663 3768 persona
687 3707 732 3760 vel
755 3707 801 3772 qui
825 3709 980 3758 annositate
1004 3707 1086 3770 pollet
1104 3707 1179 3768 Juxta
1196 3706 1336 3760 facultates
1355 3711 1382 3758 et
1399 3707 1457 3768 pri·

189 3779 288 3844 rilegia
305 3778 510 3842 uniuscuiusque
527 3776 631 3829 ordinis
649 3783 699 3828 etc.

260 3863 285 3931 ⁸)
303 3867 391 3918 Potest
415 3869 494 3917 etlam
519 3868 603 3917 inseri
626 3868 650 3916 si
672 3867 745 3916 lubet
761 3857 907 3932 certabas,
938 3868 1096 3930 inutraque
1122 3870 1211 3916 tamen
1238 3879 1301 3917 msa
1327 3865 1454 3917 manebus

186 3938 244 4000 jam
263 3940 295 3989 ab
314 3937 451 3988 ordinaria
469 3939 520 3988 loci
538 3941 688 4001 recognitus
705 3940 843 3988 continere
861 3938 937 3989 debet
953 3939 1075 3988 distinete
1093 3948 1221 3999 expresse
1238 3950 1290 3988 ncn
1308 3939 1358 3988 sub
1371 3949 1457 4001 gene-

180 4011 288 4060 ralibus
299 4011 387 4060 serbis
399 4009 578 4073 manigaudss
589 4011 688 4073 gratias
700 4014 749 4060 etc.
769 4011 862 4072 quibus
874 4009 992 4059 Sceletes
1003 4017 1157 4073 aggregans
1168 4009 1270 4059 fruitur
1283 4009 1391 4072 directe,
1403 4021 1457 4059 nan

189 4080 284 4146 quibus
301 4091 351 4141 per
368 4082 630 4133 communicationem
648 4086 676 4131 et
692 4083 869 4132 extensionem
887 4081 991 4143 geucst

260 4167 459 4218 adtollentem
482 4173 570 4218 tannen
594 4181 696 4220 omnem
719 4170 908 4220 dubitationem
932 4171 995 4220 dum
1019 4181 1069 4230 per
1092 4167 1269 4219 ordinarium
1289 4168 1343 4219 toci
1359 4169 1461 4220 dicitur·

188 4240 342 4304 recognosci
364 4240 460 4291 debere
477 4238 619 4292 iliensium
644 4239 800 4303 intelligitur
824 4245 853 4291 ut
876 4241 959 4290 semel
977 4242 1009 4291 sb
1027 4238 1165 4291 crdiuaric
1183 4241 1235 4291 lccl
1253 4242 1298 4292 ubl
1316 4241 1457 4292 auctoritas

188 4311 332 4376 praecipite
346 4309 451 4361 Ordinis
464 4313 577 4361 lnstltntl
588 4311 732 4374 Religionis
744 4315 794 4360 etc.
808 4322 876 4375 qnae
888 4310 966 4362 babet
978 4312 1130 4372 facultatem
1145 4314 1267 4376 erigendi
1280 4317 1328 4363 stc
1341 4317 1458 4362 moratus

189 4385 342 4448 recognitus
360 4383 443 4432 inerit
459 4381 586 4432 Elencbue
603 4395 655 4432 ncn
674 4383 791 4445 indigeat
807 4394 875 4432 nava
901 4384 1084 4445 recognitione
1102 4387 1129 4432 et
1146 4384 1215 4434 tradi
1232 4385 1317 4446 possit
1333 4381 1458 4436 societati

190 4457 335 4518 erigendae
352 4457 400 4504 ete.
419 4455 498 4503 etiem
517 4453 581 4504 alibi
599 4463 658 4504 cnm
675 4456 854 4504 necessarlum
871 4455 907 4504 sit
924 4459 952 4503 ut
970 4465 1078 4516 semper
1090 4455 1159 4503 idem
1172 4456 1207 4504 eit
1218 4453 1356 4518 iliensium,
1376 4455 1458 4504 salsis

190 4525 366 4577 additionibus
386 4537 451 4589 qnae
470 4536 501 4574 ex
518 4527 593 4575 novis
611 4526 821 4576 concessionibus
840 4527 940 4586 pariter
958 4527 1182 4589 recognoscendis
1199 4524 1258 4588 fieri
1275 4527 1414 4587 mnauget

262 4610 291 4679 ⁴)
308 4615 337 4665 sl
354 4616 427 4665 lubet
442 4615 525 4665 inseri
544 4616 622 4666 etism
639 4616 725 4676 potest
740 4615 841 4678 integre
860 4612 1019 4664 constitutio
1037 4612 1157 4664 addendo
1175 4614 1202 4664 in
1220 4613 1273 4665 dne
1298 4613 1458 4663 sarimlcnes

135 4681 138 4689 '
191 4698 207 4736 a
224 4685 270 4738 ss.
286 4683 316 4736 D.
334 4683 365 4736 N.
383 4690 546 4748 approbatas.
582 4686 723 4737 caeterum
740 4684 784 4736 rel
801 4685 908 4748 integre
926 4684 1083 4736 ccnstltntic
1101 4684 1143 4734 vel
1157 4685 1253 4736 saltem
1264 4686 1379 4736 indicata
1391 4693 1459 4748 quae

192 4757 362 4813 mantiam
378 4759 513 4813 comment
529 4768 589 4814 eam
607 4756 796 4811 runucmnm
813 4755 956 4820 usnemun
975 4757 1080 4810 omnino
1097 4755 1239 4812 immense
1256 4761 1306 4811 est.
1431 4817 1434 4824 p

1166 4838 1247 4912 22*
