3426 5268
258 293 261 298 .
299 255 421 314 formula
437 257 570 314 remanda
586 259 620 314 ab
636 255 949 328 commaneremus
965 265 1073 330 istic
1092 263 1326 324 mmmm*
1351 265 1442 350 ccc

171 453 385 522 fraternitatem
413 453 594 536 praedictam
620 455 758 523 canonice
788 465 820 522 ut
846 447 984 541 superins
1005 465 1132 524 erectam
1153 461 1274 528 attentis
1292 463 1438 548 Episcopi

166 562 221 608 sen
244 541 396 606 Ordinarii
426 544 485 642 loci
508 563 656 612 consensu
677 565 712 611 sc
734 548 858 612 Litteris
881 546 1147 614 Testimonislibns
1170 551 1274 633 quibus
1297 553 1362 639 ejus
1383 559 1444 619 in·-

151 633 317 710 stitutum‚
353 633 449 715 pietas
486 651 521 696 ao
556 633 667 718 religio
701 638 932 702 commendatur*
951 646 1072 702 nostroe
1104 639 1436 712 Archiconiraternitati

165 719 344 805 (dummodo
367 742 420 805 per
441 741 497 786 nos
520 722 630 787 similis
652 730 752 805 gratia
773 730 856 814 prins
877 725 964 790 alteri
986 732 1018 790 in
1042 727 1121 791 dicto
1144 729 1210 792 loco
1232 731 1272 795 Ν.
1296 749 1436 796 concesse

165 819 194 874 et
215 818 348 892 tempora
377 809 548 896 hujusmodi
578 813 779 878 concessionis
811 817 897 879 alteri
925 816 1253 880 Archiconiraternitati
1275 808 1435 902 aggregata

164 919 224 963 non
245 896 352 982 inerit)
381 898 471 986 juxta
499 899 669 966 facultatem
697 901 905 985 apostolicam
930 905 1017 968 nobis
1050 924 1221 969 concessam
1243 906 1437 995 adjungimus

163 996 194 1052 et
215 1007 412 1071 aggregamus
435 996 522 1072 atque
543 991 588 1052 illi
611 988 730 1076 ejusque
753 991 961 1058 confratribus
983 991 1196 1076 indulgentias,
1219 1003 1248 1058 et
1264 998 1435 1078 spirituales

164 1081 276 1160 gratias
308 1085 430 1141 nostras
459 1078 790 1151 Arcbiconfrsternitsti
819 1081 943 1146 Litteris
973 1082 1138 1146 Pontificiis
1170 1087 1345 1149 nominatim
1376 1105 1436 1151 ex-

163 1185 267 1249 presse
290 1174 319 1230 et
341 1167 474 1248 praeciso
497 1186 654 1232 concessas
678 1165 822 1252 largimur
852 1180 882 1235 et
911 1177 1160 1236 communicamus
1185 1171 1275 1259 juxta
1303 1183 1436 1240 tenorem

163 1256 553 1338 descriptionis-contentae
574 1259 606 1321 in
628 1257 759 1323 Elencbo
782 1280 865 1345 quem
888 1261 944 1324 rite
965 1263 1150 1344 recognitum
1169 1282 1225 1344 per
1246 1262 1435 1331 Ordinsrium

166 1341 228 1409 loci
251 1366 308 1409 nna
330 1364 396 1409 cnm
419 1345 467 1408 bis
489 1348 599 1411 litteris
622 1353 782 1430 separatim
808 1350 951 1414 tradimus
970 1347 1012 1430 1).

252 1429 366 1514 cuibus
390 1434 527 1500 omnibus
549 1435 748 1520 Indulgentiis
772 1443 801 1503 e't
817 1444 924 1520 gratiis
939 1435 1151 1521 spiritualibus
1165 1435 1239 1508 inibi
1254 1433 1433 1521 singillatim
1521 1496 1527 1514 ,

152 1523 322 1606 descriptis
350 1523 501 1606 praedicta
530 1524 765 1592 confraternitas
793 1529 851 1607 uti,
889 1528 996 1612 potiri,
1025 1536 1055 1591 et
1076 1528 1203 1610 gandera
1225 1533 1324 1610 possit
1341 1528 1435 1614 juxta

162 1633 197 1676 aa
220 1633 294 1697 qnae
316 1632 361 1677 sa.
384 1633 440 1678 mc.
465 1612 605 1680 clemens
627 1615 704 1680 Vlll
727 1617 758 1680 ia
781 1637 874 1699 supra
895 1621 984 1682 citata
1000 1615 1218 1682 constitutions
1240 1620 1435 1700 praescripsit

162 1709 193 1766 et
214 1704 393 1768 sanationes
416 1724 433 1766 a
457 1705 508 1770 SS.
532 1706 571 1769 Ι).
595 1705 634 1770 Ν.
657 1705 711 1769 Pio
733 1705 791 1768 PP.
814 1706 866 1770 ix.
900 1706 1078 1789 approbatas
1100 1705 1187 1793 cnjus
1211 1707 1328 1790 quidem
1350 1706 1436 1771 Con-

161 1793 326 1858 stitutionis
354 1789 449 1876 quoad
479 1793 676 1861 substantiam
706 1801 792 1859 tenor
813 1814 871 1859 una
901 1813 977 1865 cum
990 1795 1079 1866 dictis
1100 1795 1314 1860 sedationibus
1336 1795 1379 1860 ita
1401 1815 1435 1860 se

161 1882 249 1946 babet
264 1877 303 1969 ²)
334 1881 449 1945 scilicet
487 1889 515 1950 1.
536 1883 615 1966 quod
646 1885 733 1948 unica
754 1893 866 1948 tantum
889 1884 1123 1950 confraternitas
1145 1881 1287 1969 ejusdem.
1302 1886 1438 1959 instituti

162 1978 192 2036 st
212 1969 332 2052 generis
353 1970 470 2037 institui
492 1979 524 2035 st
544 1973 703 2055 aggregari
725 1978 824 2056 possit
847 1974 881 2039 in.
893 1972 1039 2060 Ecolaaiis
1054 1983 1115 2038 tam
1131 1970 1331 2046 saecularium
1348 1993 1435 2059 quam

162 2057 361 2142 Regularinm,
397 2059 438 2144 2)
461 2062 538 2143 qnod
568 2062 599 2125 id
628 2062 679 2126 dat
709 2063 746 2128 dc
776 2082 924 2130 consensu
958 2063 1112 2130 Ordinarii
1145 2071 1175 2126 et
1209 2081 1274 2126 cnm
1308 2062 1434 2127 Litteris

161 2147 423 2214 Testimouialibus
436 2148 579 2237 ejusdem,
602 2158 635 2220 3.
658 2152 736 2235 quod
759 2150 1003 2218 confraternitati
1024 2151 1176 2218 institutae
1191 2148 1240 2218 vel
1255 2160 1433 2234 aggregatae

162 2257 302 2322 expresse
325 2247 361 2302 et
390 2238 422 2302 in
450 2244 549 2321 specie
579 2241 830 2306 communicentur
851 2241 1013 2324 Privilegia
1044 2250 1073 2304 et
1093 2237 1299 2322 Indulgentiae
1321 2241 1435 2307 meii-

160 2327 398 2392 conirateruitsti
424 2330 592 2393 instituenti
622 2331 671 2393 rei
703 2335 878 2414 aggreganti
900 2333 1074 2397 nominatim
1098 2347 1256 2394 concessae
1278 2350 1339 2394 uon
1359 2351 1436 2395 vero

161 2437 196 2482 sa
217 2418 324 2500 quibus
347 2436 401 2499 per
421 2415 609 2500 privilegium
632 2423 905 2484 communicationis
926 2421 1046 2504 gaudet,
1077 2427 1107 2490 d·
1127 2417 1204 2503 quod
1219 2420 1335 2484 statuta
1348 2418 1434 2484 con-

160 2509 379 2572 fraternitatum
403 2511 609 2572 cxsmiaentur
629 2517 659 2572 et
680 2509 881 2591 approbentur
901 2511 939 2574 ab
954 2511 1113 2577 Ordinatio
1135 2511 1195 2572 loci
1217 2517 1247 2574 et
1269 2509 1432 2574 abeodem

162 2594 274 2677 corrigi
288 2599 415 2677 possint,
438 2603 470 2662 a.
493 2597 570 2680 quod
592 2601 706 2680 gratiae
729 2605 767 2660 et·
780 2597 983 2680 Indulgentiae
1006 2598 1251 2668 confraternitrti
1266 2602 1435 2663 communi·-

160 2692 244 2763 catae
266 2685 387 2767 praevie
408 2687 581 2767 cognitione¹
602 2687 753 2753 ordinarii
768 2685 923 2752 dumtaxat
937 2685 1174 2770 promulgentur,
1200 2694 1233 2764 d.
1251 2687 1330 2771 quod
1347 2685 1434 2752 con-

161 2774 335 2839 fraternitas
364 2776 568 2856 eleemosynas
590 2776 720 2859 excipiat
741 2784 771 2840 et
792 2786 901 2858 eroget
914 2775 1005 2862 juxte
1025 2776 1153 2843 formem
1175 2796 1229 2858 par
1244 2776 1434 2843 Ordinarium
1461 2845 1463 2850 ,

160 2864 427 2948 praescribendam,
450 2868 482 2932 7.
499 2864 577 2948 qnod
592 2864 725 2930 Litterae
740 2867 908 2946 erectionis,
925 2875 955 2928 st
969 2863 1189 2948 aggregationis
1206 2869 1301 2947 gratis
1313 2867 1435 2932 omnino

163 2971 199 3018 ac
220 2951 301 3018 nmis
323 2971 447 3036 prorsus
470 2953 606 3019 mercede
629 2955 716 3019 etiam
739 2975 757 3016 a
778 2963 887 3038 sponte
908 2953 1047 3019 dantibus
1069 2954 1125 3018 sub
1147 2961 1304 3036 praetextu
1319 2974 1433 3038 qnoque

160 3061 258 3107 merae
287 3040 491 3122 eleemosynas
520 3051 639 3127 accepta
668 3044 804 3127 expediri
834 3051 863 3108 st
893 3045 1016 3108 concedi
1046 3043 1164 3126 possint
1189 3050 1223 3126 et
1245 3042 1432 3108 solummodo

161 3129 261 3197 titulo*
280 3149 480 3215 expensarum
512 3141 575 3214 pro'
589 3151 775 3216 pergamena,
806 3137 953 3215 scriptura
975 3134 1023 3197 vel
1044 3133 1253 3215 impressionis
1283 3133 1433 3214 stipendio
1546 3151 1550 3173 ⁴

161 3219 330 3302 sigillorum
352 3220 494 3307 expensis
517 3222 648 3286 cordulis
671 3240 737 3286 cers
760 3223 917 3287 secretarii
931 3223 1104 3306 Notariique
1119 3222 1221 3286 labore
1237 3221 1283 3284 vel
1299 3222 1433 3285 mercede

162 3308 285 3394 aliisque
313 3310 450 3374 omnibus
481 3329 545 3373 sam
575 3313 778 3394 quantitatem
791 3331 864 3395 qnae
884 3331 945 3375 non
967 3313 1093 3376 excedet
1114 3331 1259 3375 summam
1281 3319 1434 3376 scutorum

162 3417 219 3464 sax
249 3407 381 3463 monetae
403 3401 553 3464 Romanae
581 3403 611 3464 in
640 3399 732 3475 ltalia,
763 3409 793 3464 ct
816 3410 900 3464 extra
922 3400 1036 3465 ltaliam
1059 3420 1117 3464 non
1141 3400 1266 3464 excedat
1288 3419 1432 3464 summam

161 3487 326 3553 libellorum
355 3485 448 3568 vulgo
476 3488 592 3569 france
621 3490 744 3572 triginta
774 3511 830 3573 pro
862 3489 980 3572 singula
1002 3489 1215 3572 aggregatione
1236 3487 1284 3552 rel
1307 3491 1432 3554 institu-

161 3577 240 3642 tione
262 3581 325 3641 sive
349 3577 570 3643 confirmatione
591 3584 723 3662 recipere
745 3578 844 3656 liceat,
879 3585 909 3647 8.
934 3579 1011 3664 qnod
1034 3576 1151 3661 singula
1173 3577 1222 3642 iric
1238 3578 1384 3648 ¹mandata
1398 3595 1433 3640 ac

163 3686 307 3750 expressa
327 3667 359 3731 in
382 3669 519 3732 omnibus
542 3672 605 3732 suis
626 3669 761 3752 partibus
777 3669 902 3733 fideliter
917 3671 1113 3732 observentur
1128 3685 1214 3732 secus
1230 3669 1432 3732 institutiones

162 3757 209 3820 vel
237 3757 465 3840 aggregationes
496 3765 525 3820 et
556 3761 833 3823 communicationes
855 3755 1093 3839 ¹Privilegiornm
1122 3766 1152 3820 et
1182 3757 1432 3836 Indulgentiarum

162 3843 270 3911 unibus
298 3850 358 3908 sint
385 3845 504 3910 roboris
527 3847 556 3910 et
577 3851 720 3910 momenti
741 3855 770 3910 et
793 3846 916 3930 quilibet
938 3849 1128 3927 superiorum
1151 3854 1236 3930 atquc
1258 3845 1432 3912 ciliciolium

161 3934 337 4019 privationis
358 3934 532 4003 ‚cfficiorum
565 3956 636 4018 qnae
667 3937 800 3999 obtinent
830 3944 916 4020 atque
945 3933 1143 3999 inhabilitatis
1173 3937 1211 3998 ad
1241 3932 1293 3998 illa
1323 3943 1353 3998 st
1375 3934 1432 3997 alia

160 4027 192 4088 in
215 4030 366 4108 poster-'um
394 4024 553 4089 obtinenda
581 4041 705 4104 poenam
736 4044 771 4088 so
802 4023 869 4106 ipso
895 4021 1047 4099 incurrunt
1070 4042 1142 4108 qnae
1164 4026 1201 4087 ab
1223 4023 1283 4089 alio
1306 4043 1392 4107 quam
1415 4043 1433 4086 a

161 4113 294 4178 Romano
309 4112 452 4178 Pontifice
473 4115 585 4178 remitti
607 4134 666 4204 non
689 4118 796 4197 possit.

163 4267 374 4286 m

235 4361 258 4428 ¹)
277 4363 366 4415 Potest
383 4367 461 4415 etiarn
480 4365 565 4414 inseri
583 4367 607 4415 ri
626 4362 851 4428 lucrificamus,
871 4365 898 4413 in
916 4366 1029 4428 utroque
1041 4365 1125 4413 tamen
1138 4375 1200 4412 casn
1212 4360 1341 4415 Eienclaue
1354 4365 1433 4426 debet

162 4440 196 4488 ab
213 4436 352 4488 ordinario
370 4437 421 4486 loci
439 4437 485 4489 ubi
503 4435 789 4488 drebioonirateruitsr
808 4438 897 4486 existit
914 4437 1075 4499 recognosci,
1095 4439 1121 4484 st
1138 4438 1274 4487 continere
1292 4437 1371 4486 debet
1389 4438 1432 4485 dt·

162 4511 260 4558 stincte
285 4514 312 4558 et
335 4521 460 4571 expresse
484 4520 534 4558 non
558 4510 605 4558 snb
629 4509 798 4572 generalibus
821 4510 910 4558 verbis
929 4509 1120 4570 indulgentias,
1149 4507 1248 4570 gratiae
1267 4510 1316 4557 etc.
1337 4509 1432 4571 quibus

162 4581 277 4631 Societas
295 4593 446 4646 aggregans
464 4580 562 4630 fruitur
580 4581 682 4631 directe
699 4593 752 4631 non
771 4582 863 4644 quibus
881 4593 930 4641 per
943 4580 1201 4630 communicationem
1214 4581 1243 4628 et
1254 4582 1432 4628 extensionem

161 4653 267 4717 gaudet.
417 4703 418 4710 p
530 4653 534 4656 '

234 4719 262 4786 ²)
281 4722 308 4772 Si
327 4723 399 4774 lubet
416 4724 498 4774 inseri
517 4725 596 4773 etiam
615 4728 701 4785 potest
718 4726 823 4786 integra
842 4721 999 4774 Constitutio
1018 4721 1137 4773 addendo
1156 4722 1183 4771 in
1202 4719 1254 4772 fine
1272 4720 1431 4770 variationes

163 4807 182 4845 e
197 4795 240 4845 SS.
258 4794 287 4844 D.
307 4792 335 4844 N.
355 4798 519 4858 approbatus.
556 4795 695 4846 caeterum
718 4797 761 4846 vei
782 4797 889 4858 integre
908 4792 1063 4845 Constitutio
1086 4793 1128 4842 rei
1145 4793 1238 4842 saltem
1256 4792 1370 4846 indicata
1388 4791 1431 4841 bic

161 4868 248 4929 capita
266 4875 336 4932 quse
352 4870 522 4922 subeuntium
533 4870 668 4922 contineat
679 4880 739 4920 cum
751 4868 942 4922 variationibus
955 4867 1099 4930 praemetiu
1112 4867 1215 4934 omnino
1227 4865 1370 4916 inscrenda
1382 4867 1431 4932 est.
1462 4861 1464 4870 ’
