3400 5274
256 217 309 331 40
576 249 723 314 asperae
742 228 890 304 eliocroca
916 259 975 303 vem
993 248 1036 304 aa.
1057 252 1123 316 sepo.
1145 249 1220 304 reso.

255 436 377 520 exteros
400 448 558 514 homines?
588 443 677 528 Quod
700 446 819 532 quidem
844 449 893 512 ius
917 439 1175 533 potiori'ouadam
1198 451 1313 516 ratione
1336 451 1372 515 ad
1398 453 1539 534 Nostrum

255 564 287 620 et
317 556 404 619 buius
437 555 561 619 Sanctee
589 552 677 618 sedis
710 553 896 620 demanium
928 553 1066 638 pertinet,
1104 573 1171 622 cum
1205 558 1356 622 Romanus
1386 558 1539 640 Pontifex,

130 708 136 722 .
254 658 349 727 veluti
371 664 535 726 communis
558 665 690 727 omnium
713 658 928 725 catholicorum
951 669 1047 744 pater,
1070 681 1131 728 uon
1153 667 1253 746 possit
1267 681 1326 734 nou
1343 661 1539 755 libentissime

255 788 307 836 eos
330 787 436 834 omnes
458 767 620 833 catholicos
649 767 800 850 excipere,
835 768 887 849 qui
917 768 1074 850 religionis
1105 772 1206 836 studio
1230 769 1353 855 impulsi
1383 771 1477 836 velint
1507 775 1539 836 in

254 875 423 944 Pontldclls
446 875 541 959 copiis
564 877 704 954 militare,
727 882 757 939 et
778 875 817 938 ad
841 873 993 940 Ecclesiae
1015 877 1220 943 defensionem
1235 895 1421 943 concurrere.
1444 878 1540 962 Atque

253 985 304 1049 blo
333 968 626 1049 animadvertendum
658 983 880 1063 existimemus,
917 972 1089 1050 bulusmodi
1117 981 1337 1051 catholioomm
1367 990 1539 1052 exterorum

254 1109 428 1157 concursum
450 1083 547 1154 luisse
568 1077 744 1172 pracsertim
768 1092 931 1154 excitatum
953 1089 1075 1156 illorum
1108 1091 1308 1176 improbitate,
1340 1096 1390 1177 qui
1422 1094 1539 1158 civilem

254 1198 493 1282 budosSanctae
515 1195 602 1261 dedis
623 1193 823 1279 principatum
847 1196 967 1278 egressi
990 1208 1071 1266 sunt.
1116 1201 1213 1266 Nemo
1239 1198 1317 1264 culm
1340 1201 1539 1285 ignoratque

255 1306 472 1387 indignatione,
511 1311 540 1368 et
570 1322 627 1386 quo
655 1305 735 1367 luctu
765 1303 922 1367 universus
953 1303 1116 1370 catholicus
1147 1307 1231 1379 orbis
1261 1306 1351 1370 luerit
1374 1317 1539 1372 commotus

256 1414 305 1477 ubi
334 1411 418 1478 norit
447 1421 506 1476 tam
539 1409 670 1493 impiam,
701 1417 819 1494 tamque
847 1412 986 1474 iniustam
1018 1409 1103 1476 civili
1124 1411 1214 1500 hujus
1237 1410 1537 1496 apostolicaenedia

256 1507 389 1585 dominio
413 1522 637 1603 aggressionem
660 1516 751 1581 luisse
774 1514 900 1581 illatam.
932 1517 981 1582 Ex
997 1539 1054 1602 quo
1070 1539 1162 1600 porro
1179 1520 1289 1584 lactum
1306 1527 1361 1601 est,
1385 1527 1418 1590 ut
1433 1541 1539 1604 quam-

256 1626 378 1710 plurimi
399 1645 437 1690 cx
461 1623 552 1689 variis
576 1623 732 1688 christiani
755 1624 838 1688 orbis
861 1623 1039 1707 regionibus
1061 1625 1164 1690 fideles
1188 1648 1242 1692 sua
1257 1636 1364 1710 sponte
1380 1636 1409 1691 et
1424 1645 1540 1692 summu

257 1733 408 1810 alacritate
431 1731 470 1796 ad
492 1729 677 1796 Pontificiem
700 1715 845 1796 Nostram
860 1731 1004 1796 ditionem
1015 1733 1252 1810 convolaverint,
1275 1754 1418 1817 suumque
1431 1753 1539 1799 nomen

212 1852 216 1858 '
255 1843 386 1908 Nostrae
408 1839 533 1904 militiae
557 1837 702 1919 dederint,
727 1858 785 1921 quo
808 1839 933 1918 Nostra,
955 1837 1043 1903 buius
1065 1839 1191 1904 denotas
1214 1841 1312 1916 Sedis,
1334 1852 1364 1911 et
1386 1841 1538 1904 Ecclesiae

255 1951 321 2014 iura
343 1957 464 2013 suenus
485 1945 692 2012 defenderent.
724 1940 878 2027 Singulari
894 1951 991 2009 autem
1007 1946 1192 2029 malignitate
1205 1945 1401 2031 Subalpinum
1418 1947 1539 2014 Guber-

256 2057 338 2118 nlum
361 2037 482 2119 Nostris
505 2051 652 2116 militibus
676 2050 854 2114 mercenarii
876 2058 979 2116 notam
1002 2073 1215 2136 nonsummum
1231 2055 1406 2119 calumniam
1422 2056 1539 2134 inurere

257 2160 377 2226 minime
399 2167 527 2234 veretur,
552 2179 618 2224 cum
641 2177 700 2224 nou
723 2159 810 2240 pauci
832 2175 870 2222 ex
894 2157 1047 2240 indigenis
1071 2159 1242 2243 exterisque
1257 2157 1378 2225 Nostris
1395 2159 1540 2226 militibus

256 2268 351 2334 nobili
365 2287 473 2351 genere
489 2268 563 2348 uati,
586 2249 615 2330 et
633 2263 798 2330 illustrium
813 2261 994 2331 familiarum
1009 2254 1129 2331 nomine
1146 2265 1307 2349 conspicui,
1330 2285 1365 2331 ac
1380 2268 1539 2350 religionis

258 2397 357 2442 amore
387 2375 471 2439 unico
499 2373 635 2450 excitati,
661 2367 731 2438 sine
760 2371 821 2437 ullo
853 2372 1087 2438 emolumento
1076 2395 1109 2436 ιιι
1139 2375 1262 2439 Nostris
1291 2374 1386 2457 copiis
1408 2371 1539 2438 militaro

255 2482 414 2549 voluerint.
460 2482 564 2569 Neque
590 2483 662 2545 latet
692 2481 886 2563 lubalpinum
921 2480 1116 2561 Guberniom,
1148 2501 1205 2564 qua
1233 2480 1290 2544 lide
1319 2490 1351 2545 et
1370 2481 1539 2564 integritate

255 2593 368 2658 Noster
397 2591 546 2654 exercitus
558 2595 716 2672 praestet,
749 2606 815 2653 cum
839 2586 936 2650 eidem
960 2575 1112 2652 Gubernic
1135 2594 1324 2670 perspectum
1348 2592 1399 2668 sit,
1434 2586 1538 2651 irritas

255 2700 349 2763 luisse
378 2716 483 2761 omnes
514 2693 634 2761 dolosas
663 2701 743 2758 artes
774 2691 922 2758 adbibitus
947 2700 979 2758 ut
1002 2690 1109 2757 Nostri
1131 2694 1242 2758 milites
1266 2703 1537 2778 corrumperentur.

255 2803 339 2896 Nihil
361 2825 432 2869 uero
456 2811 501 2868 est
524 2821 576 2868 cor
598 2803 787 2870 immoremur
809 2803 840 2866 in
863 2801 1030 2867 refellenda
1051 2797 1390 2887 latitatisaccuaatione
1412 2801 1536 2867 Nostris

257 2913 355 2994 copiis
378 2912 511 2994 improba
533 2911 625 2990 illata,
649 2929 715 2974 cum
730 2907 843 2973 nullum
860 2896 948 2992 plane
963 2917 1169 2991 argumentum
1184 2908 1401 2974 obtrectatores
1417 2907 1536 2975 valeant

257 3018 410 3092 adducere,
435 3021 504 3101 quin
527 3021 627 3099 potius
647 3016 821 3081 uniusmodi
845 3017 1012 3082 criminatio
1036 3015 1067 3082 iu
1089 3020 1171 3099 ipsos
1192 3017 1256 3080 iure
1280 3016 1412 3081 converti
1425 3021 1534 3099 possit,

258 3117 502 3216 quomadmodum
534 3120 673 3205 vulgatae
700 3123 853 3206 Subalpinl
883 3125 1033 3190 exercitus
1065 3123 1181 3190 Ducum
1204 3121 1391 3215 truculentae
1411 3122 1534 3207 procla-¹

256 3234 403 3297 motiones
427 3229 671 3324 manifestissime
694 3229 863 3296 ostendunt.
1251 3303 1253 3312 y

294 3340 405 3406 Hic
429 3319 526 3402 autem
548 3337 782 3402 animadvertere
805 3343 948 3419 praestat,
972 3334 1086 3400 Nostro
1111 3324 1261 3402 Gobannio
1284 3337 1421 3402 minime
1430 3338 1535 3422 suspi-

262 3401 388 3510 candum
419 3445 515 3510 luisse
547 3446 583 3508 de
612 3444 781 3508 huiusmodi
810 3442 952 3508 hostili·
943 3443 1107 3517 invasione,
1146 3462 1211 3525 eum
1243 3445 1303 3528 ipsi
1333 3455 1534 3510 asseveratum

257 3561 344 3628 esset,
368 3531 548 3635 Subalpiuas
573 3555 676 3633 copias
699 3570 794 3633 prope
822 3551 1005 3614 territorium
1029 3553 1173 3616 Nostrum
1197 3554 1358 3616 accessisse
1381 3573 1441 3617 non
1466 3555 1534 3636 qui-

257 3662 323 3725 dem
345 3659 504 3741 invadendi
526 3658 635 3738 animo,
659 3662 749 3721 immo
771 3679 843 3722 vero
867 3667 899 3722 ut
920 3657 989 3722 inde
1004 3631 1242 3740 perturbatorum
1258 3667 1372 3724 turmas
1388 3670 1532 3727 arcerent

257 3769 337 3833 Hine
360 3785 494 3832 summus
516 3767 694 3830 Nostrarum
717 3753 866 3848 copiarum
890 3768 963 3830 Dux
985 3785 1022 3831 ne
1045 3765 1176 3850 cogitare
1192 3767 1309 3850 quidem
1326 3775 1451 3858 poterat,
1475 3768 1534 3832 sibi

220 3904 222 3908 ¹
257 3896 324 3939 cum
355 3873 518 3957 Subalpino
549 3873 681 3936 exercitu
713 3893 778 3938 esse
808 3873 1011 3956 pugnandum.
1057 3876 1165 3938 Verum
1195 3875 1255 3953 ubi,
1294 3877 1384 3938 robus
1415 3884 1535 3957 praeter

260 4003 373 4048 omnem
398 3965 633 4063 expectationem
656 4000 812 4063 perperam
834 3979 1008 4056 immutatis,
1032 3984 1153 4064 agnovit
1175 3979 1315 4046 hostilem
1337 3975 1544 4064 irruptionem'

257 4093 294 4152 ab
326 4087 377 4152 illc
407 4087 549 4152 exercitu*
571 4088 688 4162 lactem,
721 4089 770 4171 qui
799 4099 872 4154 eane
898 4090 1090 4171 pugnantium
1119 4099 1242 4153 numero
1272 4085 1476 4174 armorumque
1504 4093 1535 4155 vi

258 4177 387 4260 maxime
416 4192 612 4276 praevalebat,
645 4195 800 4276 providum
832 4201 964 4278 suscepit
995 4193 1151 4269 consilium
1182 4199 1397 4261 se.Anconam
1430 4205 1534 4279 utpote

258 4321 326 4368 aree
355 4303 496 4366 munitam
524 4301 698 4382 recipiendi,
733 4323 771 4394 ne
798 4301 905 4367 Nostri
935 4304 1044 4367 milites
1076 4311 1135 4366 tam
1165 4303 1244 4367 lacill
1273 4308 1379 4367 mortis
1402 4306 1535 4386 periculo

259 4417 486 4493 exponerentur.
532 4405 606 4472 Cum
629 4416 725 4472 autem
749 4391 954 4491 ingruentibus
977 4410 1106 4474 bostium
1136 4408 1231 4492 copiis
1254 4411 1285 4473 in
1308 4410 1413 4476 itluere
1436 4414 1533 4474 intor-

260 4521 415 4600 oiperetur,
444 4535 549 4580 manus
580 4535 736 4580 conserere
765 4509 885 4594 coactus
914 4525 970 4598 est,
1010 4523 1043 4580 ut
1065 4517 1124 4581 sibi
1141 4515 1351 4600 militibusque.
1367 4521 1431 4582 suis
1454 4503 1533 4581 uiam

260 4613 395 4706 aperiret.
431 4649 435 4658 ’

349 4729 485 4795 Ostorium
516 4730 584 4793 dum
613 4733 733 4795 meritos
773 4731 944 4814 debitasque
977 4728 1080 4795 laudes
1117 4717 1272 4795 tribuimus
1306 4739 1533 4797 commemorato

262 4839 441 4905 Nostrarum
464 4837 611 4922 copiarum
637 4829 780 4915 Daciae
802 4836 921 4904 illarum
944 4837 1117 4904 ductoribus
1140 4846 1170 4902 et
1191 4835 1347 4921 militibus,
1372 4838 1419 4923 qul
1441 4842 1532 4903 inex-
