3434 5284
471 169 865 272 marcescentes
888 205 1068 268 ιιιιιιι.
1089 205 1164 262 cesa
1371 202 1454 288 w
1521 219 1524 226 ’

183 417 242 479 mc,
264 406 298 470 nt
319 411 423 470 omnes
447 411 537 469 raom
559 407 631 482 sint,
653 403 731 470 sicut
753 411 786 470 tu
799 404 889 473 Pater
911 405 942 470 ia
965 425 1012 472 ms
1034 405 1069 470 ιι
1090 411 1122 470 et
1143 405 1254 487 ego'ln
1275 409 1338 468 tec·
1366 407 1456 490 Atqsi
1558 459 1565 480 ,.

182 493 270 558 buius
299 485 424 558 osilstis
451 497 499 561 vis
529 504 560 558 et
587 494 665 558 ratio
693 498 815 558 omnino
838 497 975 577 postulat,
1012 502 1046 572 ut
1066 503 1214 578 tamquam
1236 493 1456 560 membratura

182 581 315 650 Romnum
345 580 504 666 Pontibcc,
533 585 585 666 qul
615 581 732 647 cbristi
761 585 792 646 in
819 583 911 648 terris
942 585 1155 664 vicarianae,
1188 589 1405 664 coniungantur
1426 592 1458 648 et

175 670 363 739 coalescant.
408 667 606 750 Quamobrem
633 671 671 734 ad
694 673 959 737 Pra‘edecessnrem
982 672 1127 737 Nostrum
1154 682 1275 736 sanetae
1296 673 1457 738 memorien

182 761 349 826 lisnsaomnw
366 762 515 824 scribebat
537 754 688 826 Ecclesiae
717 759 822 826 doctor
851 761 1043 826 Hieronimos
1074 761 1276 846 „beatitudini
1303 771 1377 826 tuae·
1399 763 1457 826 boc
1561 820 1563 831 .

182 860 231 917 ast
251 849 333 918 Patri
355 848 521 914 cathedrae
542 851 750 914 commuuione
777 851 949 923 comecias,
979 869 1074 933 supra
1103 851 1186 916 iilam
1210 851 1328 915 Petram
1350 849 1457 915 sedile·

182 948 280 1010 catam
302 936 465 1002 Ecclesiam
488 942 569 1017 acio,
603 944 776 1022 quicumque
804 951 896 1004 extra
914 940 989 1004 banc
1012 943 1131 1005 domum
1153 960 1262 1022 agnum
1284 942 1455 1015 comederit.

171 1028 328 1111 prolana
336 1032 418 1094 est“
432 1023 580 1106 Quantam
592 1025 1458 1112 varo'menouuilibeliiauctoriaterttmurumperillustri

184 1115 349 1182 Galliarum
362 1121 454 1197 genti,
470 1124 572 1198 utpote
583 1137 668 1200 quam
681 1117 842 1180 catholicae
854 1121 977 1181 unitatis
989 1120 1249 1182 retinentissimum
1262 1120 1459 1182 schismaticis

184 1215 268 1290 putat
277 1207 429 1270 erroribus
441 1225 530 1286 posse
543 1205 706 1288 implicarit
722 1202 840 1285 Quanta
851 1209 931 1270 iliius
943 1208 1096 1270 temeritas
1108 1220 1166 1284 eet,
1178 1208 1255 1290 quod
1267 1210 1304 1271 ab
1316 1207 1458 1292 obsequie

184 1315 219 1361 ac
237 1295 378 1376 ideerga
390 1293 598 1375 apostoticam
611 1295 716 1358 Sedem
733 1297 959 1360 abstrahendum
973 1297 1040 1360 lore
1054 1298 1184 1361 confidat
1195 1295 1315 1361 Clarum
1331 1299 1412 1360 ilium
1428 1305 1459 1362 et

184 1387 420 1467 spectatissimos
434 1386 606 1465 praesertim
621 1385 789 1463 antistites,
804 1391 853 1467 qui
868 1386 1115 1467 praedecessores
1130 1386 1209 1473 inter
1220 1404 1292 1451 auos
1304 1385 1456 1450 Irenaeum

184 1481 358 1538 recenseant
387 1473 601 1554 Lugdunensis
632 1471 783 1536 Ecclesiae
812 1475 966 1538 Pastorem
996 1476 1147 1557 praeclara
1175 1477 1236 1546 ista
1257 1477 1457 1540 scribentem:

183 1564 252 1646 „ad
281 1563 442 1628 Romanam
471 1561 637 1626 Ecclesiam
668 1573 792 1645 propter
820 1563 965 1645 potiorem
992 1564 1241 1647 principalitatem
1264 1583 1388 1630 necesse
1411 1573 1459 1630 eat

186 1665 304 1717 omnem
327 1653 483 1720 convenire
505 1649 680 1726 Ecclesiam,
703 1652 759 1714 boc
781 1661 827 1715 est
849 1672 916 1730 eos,
947 1651 997 1736 qui
1019 1664 1089 1716 sunt
1104 1655 1231 1737 undique
1247 1653 1384 1717 fidelesi‘t
1408 1657 1459 1737 qul

184 1739 266 1808 trullo
287 1741 376 1805 lracti
397 1753 485 1820 meto,
509 1738 592 1804 nullo
614 1741 758 1804 retardati
780 1741 922 1823 periculo,
944 1751 1006 1826 tum
1028 1759 1101 1806 voce
1123 1751 1185 1806 tum
1208 1744 1331 1828 scriptis
1346 1744 1459 1808 Nostra

186 1831 366 1912 sanctaeque
388 1829 474 1894 dedis
497 1831 560 1893 iura
583 1829 733 1892 vindicare
755 1835 943 1908 certaverint,
975 1833 1123 1915 Nobisque
1146 1831 1285 1896 exbibere
1307 1852 1457 1914 nonquam

185 1920 401 1984 intermiserint
423 1918 587 1986 certissima
610 1919 778 1982 devotionis
800 1919 986 2001 argumentai
1007 1916 1157 1999 'Quorum
1178 1919 1256 1999 Nos,
1275 1918 1460 2004 aliorumque

186 2028 241 2091 per
263 2009 365 2073 orbem
388 2008 562 2073 antistitum
585 2008 655 2071 dum
678 2008 791 2074 necitis
812 2028 952 2082 ornamus
965 2011 1134 2091 praeconiis
1150 2009 1333 2092 pastoralem
1348 2029 1459 2089 curam,

184 2095 380 2179 vigilantiam,
409 2097 588 2174 firmitatem,
620 2097 705 2180 ipsos
733 2095 803 2162 licet
833 2107 939 2179 sponte
970 2118 1025 2161 soa
1052 2097 1191 2162 incensos
1224 2110 1398 2183 erectosque
1420 2100 1459 2164 ad

185 2184 356 2250 cnuottcaa
378 2185 448 2250 fidel
469 2186 678 2264 cessasionem,
700 2185 814 2250 bertari
836 2196 935 2251 tamen
957 2195 1054 2270 etque¹
1067 2193 1200 2252 excitare
1222 2209 1278 2270 pro
1301 2189 1356 2251 bac
1378 2196 1459 2252 tcm-

185 2293 289 2360 porom
311 2278 465 2358 iniquitate
486 2295 548 2338 non
571 2279 843 2356 praetermittimus,
867 2284 898 2340 ot
920 2297 977 2362 quo
999 2278 1160 2342 validiores
1183 2277 1314 2361 quotidie
1333 2278 1459 2344 hostiles

186 2367 312 2448 impetos
333 2364 414 2442 flant,
437 2384 479 2428 eo
496 2364 618 2428 firmiori
636 2366 740 2429 animo
763 2365 955 2429 sustinendos
978 2385 1013 2429 ac
1026 2366 1217 2450 ¹frangendos
1238 2373 1350 2445 carent,
1369 2377 1459 2450 atquc

185 2456 260 2520 adeo
283 2460 461 2518 commissos
482 2473 551 2518 suaa
574 2471 661 2518 curae
682 2452 781 2518 fideles
809 2454 846 2518 do
867 2451 1000 2519 fallaciis
1022 2454 1199 2539 insidiisque
1220 2457 1377 2520 admonere
1399 2475 1459 2522 noo

185 2542 462 2625 desinantquibus
485 2539 616 2607 avellere
637 2543 723 2625 ipsos
744 2562 762 2605 a
784 2543 893 2608 Matris
915 2543 1064 2609 Ecclesiae
1085 2550 1200 2627 germio
1223 2546 1376 2610 vaferrimi
1397 2545 1458 2610 bo*

183 2636 281 2698 mines
295 2637 492 2697 concitantur.
526 2629 583 2715 (t)
598 2629 660 2699 lam
673 2641 794 2696 veroex
805 2632 973 2698 damnando
985 2630 1042 2697 illo
1057 2632 1168 2706 libello,
1185 2653 1326 2717 quaenam
1341 2634 1461 2698 tandem

117 2771 119 2774 -
185 2721 250 2788 sint
275 2721 413 2804 auctoris*
435 2729 465 2786 et
493 2730 656 2785 ceterorum
686 2722 817 2786 omnium
848 2720 977 2785 consilia
1008 2727 1059 2804 qui
1088 2722 1204 2786 ciuilem
1232 2723 1359 2787 Sanctae
1390 2724 1462 2787 dedi

185 2813 584 2894 principatumextorqucre
606 2818 761 2894 conamur,
793 2809 926 2874 detracta
948 2807 1042 2876 veluti
1063 2811 1147 2874 larva
1168 2813 1324 2876 manilcste
1347 2811 1459 2893 depre-

184 2900 351 2968 hendimus.
396 2896 517 2964 Scilicet
545 2895 622 2962 nibil
648 2897 729 2963 alind
758 2897 915 2964 intendunt
935 2917 971 2962 ac
993 2895 1166 2976 moliuntur,
1200 2919 1286 2984 qoam
1304 2906 1342 2965 ut
1364 2901 1461 2964 banc-

185 2988 315 3054 tissim
330 2987 513 3070 ,Religionis
542 2987 733 3052 lundamcnta
767 2987 950 3054 subvertant.
992 2986 1028 3051 ld
1057 3007 1131 3052 sane
1161 3007 1214 3071 per
1245 2990 1413 3071 provincias
1443 3009 1462 3051 a

182 3076 267 3144 civili
289 3077 403 3142 Nostra
424 3077 626 3142 dominatione
640 3075 748 3140 iniusto
761 3077 927 3160 subreptas,
949 3075 982 3142 id
996 3098 1053 3160 per
1063 3077 1195 3161 reliquas
1209 3075 1312 3142 ltaliae
1324 3078 1462 3160 regiones

162 3243 165 3249 ¹
184 3166 396 3252 pertdtesints
417 3167 580 3250 quibusque
602 3165 715 3232 artibus
737 3166 983 3231 studioaacurari
998 3165 1176 3232 stridenes
1189 3177 1218 3232 ct
1231 3167 1461 3250 ingemiscimus.

184 3255 253 3325 Hac
282 3264 419 3341 spectant
447 3255 656 3320 dementantes
687 3274 907 3340 quaquaversus
939 3275 1095 3337 perversae
1127 3275 1281 3320 semorum
1316 3254 1461 3322 librorum

184 3346 447 3428 interpretationes
468 3345 506 3410 ad
527 3339 616 3411 acen
640 3344 894 3429 corrumpendam,
917 3345 1024 3414 diffusa
1037 3345 1077 3408 ad
1091 3344 1338 3425 contaminandus
1352 3345 1459 3417 iuvan-

184 3433 258 3502 totis
273 3453 374 3500 moras
388 3435 630 3517 turpissimorum
644 3431 814 3498 libellorum
825 3430 980 3507 colluvies,
1003 3438 1120 3498 invecta
1132 3435 1462 3517 quocumquaettueats

185 3524 305 3592 vivendi
326 3521 454 3596 ΙΙιιιιιιι,
477 3523 617 3605 despecta
640 3524 811 3605 proculcata
832 3523 984 3588 Ecclesiae
1006 3532 1151 3606 potestas,
1180 3541 1268 3588 secra
1289 3523 1462 3596 immunitas

185 3610 306 3690 violata,
326 3613 469 3677 subducta
492 3612 529 3675 ab
552 3615 728 3676 auctoritate
750 3622 780 3696 et
802 3611 959 3692 vigilantia
980 3613 1197 3696 Episcoporum
1220 3613 1340 3695 publice
1353 3619 1463 3678 inven-

183 3701 257 3770 tutis
272 3702 420 3768 institutio
435 3705 592 3786 omnisque
606 3701 756 3766 doctrinae
770 3720 944 3784 morumque
959 3701 1125 3785 disciplina,
1147 3703 1312 3785 praepositi
1326 3702 1462 3767 docendo

170 3791 320 3860 besaines
342 3791 379 3856 de
401 3792 547 3880 religione
569 3809 661 3872 prave
683 3791 864 3867 sentientes,
881 3787 1068 3873 evulgatum
1096 3795 1128 3856 in
1158 3790 1285 3856 Umbria
1312 3789 1461 3856 decretum

174 3879 224 3952 ,de
233 3915 236 3923 ‚
245 3884 361 3950 cunctis
383 3880 476 3944 lecmo
490 3880 643 3963 religiosis
657 3879 782 3944 lamilils
797 3898 815 3943 ι
828 3876 958 3945 claustro
973 3880 1180 3956 exturbandis,
1203 3880 1239 3945 de
1253 3879 1464 3962 extinguendis
1548 3915 1553 3926 ·

186 3964 359 4050 Collegiatis
384 3967 542 4050 capientis,
576 3966 767 4051 delendisque
789 3969 977 4049 simplicibus
999 3971 1131 4033 cuiusvis
1153 3973 1274 4052 generis
1297 3968 1462 4042 Beneficiis,

184 4057 303 4141 piisque
325 4055 482 4132 sodalitiis
505 4077 664 4143 eorumque
687 4057 774 4151 bonis
796 4078 850 4140 par
871 4076 1016 4122 sommam
1038 4057 1175 4123 iniuriam
1189 4059 1384 4140 occupandis3
1405 4059 1463 4124 buc

186 4153 323 4230 spectant
355 4147 489 4212 mniecti.
512 4150 543 4212 ia
574 4146 691 4215 vincola
720 4143 921 4212 ecclesiastici
949 4151 1019 4220 vbi,
1055 4142 1169 4232 ipsique
1192 4153 1272 4212 sacri
1292 4148 1464 4222 Antistitoe,

184 4255 259 4324 quos
281 4236 359 4300 inter
381 4235 568 4301 Venerabilis
591 4238 696 4302 Frater
717 4237 981 4319 Arcbiepiacopns
990 4236 1119 4301 Urbinas
1141 4257 1236 4320 nuper
1250 4248 1355 4318 septus
1370 4237 1466 4302 armis

184 4331 217 4394 in
239 4325 407 4394 custodiam
430 4324 569 4404 traditus,
592 4335 622 4390 et
644 4323 839 4391 (lendinalitia
862 4327 951 4389 etiam
975 4324 1121 4406 dignitate
1136 4325 1256 4407 fulgens
1272 4325 1464 4392 Venerabilis

173 4411 462 4482 'Eratcrllirmnnos
485 4417 619 4483 aetates
643 4435 697 4497 per
719 4420 780 4478 vim
803 4415 943 4497 abreptus
966 4414 1074 4479 aseae
1089 4435 1152 4494 soa,
1174 4415 1290 4500 alioque
1304 4415 1463 4498 relegatus,

184 4511 216 4570 at
233 4504 274 4567 sb
296 4509 380 4568 amni
402 4503 554 4568 conamini
576 4505 679 4585 gagis
702 4505 855 4568 amatione
877 4504 1055 4586 prohibitos,
1078 4523 1113 4568 ac
1135 4506 1236 4587 plures
1259 4507 1349 4570 ctiam
1371 4505 1464 4568 Anti-

173 4593 271 4658 ·ttlies
294 4602 324 4658 ct
341 4595 519 4658 Eacerdctes
542 4611 558 4656 e
582 4593 685 4675 Regno
707 4595 904 4678 Neapolitano
928 4594 975 4656 vel
997 4595 1029 4657 in
1052 4611 1200 4659 carcerem
1222 4595 1318 4674 missi,
1354 4595 1402 4657 val
1424 4594 1464 4658 cd

169 4681 288 4776 iopam
310 4683 423 4764 auscth
446 4683 503 4754 buo
524 4687 670 4780 spectant,
694 4683 766 4768 (nco
788 4687 854 4749 siaa
875 4684 1070 4748 acerbissimo
1094 4683 1208 4750 doloris
1231 4703 1323 4750 senso
1344 4701 1466 4752 memo-

184 4769 307 4857 ramus)
321 4771 483 4856 ''psteiacta
510 4771 572 4855 'per'
597 4771 756 4840 nonnullas
784 4768 888 4840 ltaliae
916 4773 1053 4838 civitates
1082 4774 1325 4855 pmtesteotibas
1342 4771 1466 4853 templs,

1181 4874 1245 4947 tt*
