3400 5274
236 274 286 349 38
569 267 714 337 Pipatllolte
732 271 878 324 nllocutlou
896 281 957 322 non
977 269 1019 324 12.
1039 268 1093 322 iuli
1113 265 1186 322 teca.

111 480 115 486 '
235 470 360 535 Domini
382 487 444 533 non
465 467 679 551 praeteribunt,
702 485 747 547 ac,
768 463 861 532 telon
883 464 1018 550 epprlma
1040 468 1139 532 nostis
1154 453 1366 534 florentissima
1380 470 1517 550 imperia,

236 595 340 659 regua,
362 578 510 654 nationes,
539 573 630 640 urbes
652 582 683 639 ct
703 561 846 656 regiones¹
864 575 1019 656 dissipari,
1050 574 1143 639 deleri
1165 581 1196 637 et
1217 593 1357 646 corruere
1379 583 1516 657 possunt,

235 683 290 748 sed
312 683 448 748 Ecclesia
471 701 490 746 a
511 679 632 747 Christo
654 682 786 746 Domino
808 681 943 760 lundata,
965 689 995 744 et
1017 684 1215 764 omnipotenti
1228 679 1302 767 Ejus
1317 685 1426 747 virtute
1440 700 1517 748 con-

236 795 365 857 tinenter
387 795 556 855 sustentatu
577 794 608 853 et
622 784 772 852 illustrata
788 785 871 852 nullo
886 806 1014 871 uuquam
1029 788 1120 858 modu
1142 787 1269 853 convelli
1292 796 1322 856 et
1343 788 1517 854 labefactari

236 881 348 980 potest,
377 903 407 960 et
436 894 694 978 persecutionibus
723 913 784 960 uon
814 894 953 990 vincitur,
990 914 1051 960 uon
1078 895 1271 974 imminuitur,
1301 897 1355 962 sed
1383 905 1516 980 augetur,

237 1002 383 1088 novisque
414 1021 535 1085 semper
566 1019 604 1065 uc
637 1000 894 1084 splendidioribus
929 1008 1093 1096 exornatur
1112 1001 1279 1084 triumphis.
1325 1002 1415 1087 „Hoc
1438 1004 1517 1078 enlm

236 1109 387 1176 Ecclesiae
417 1111 571 1195 proprium
600 1117 656 1186 est,
695 1115 727 1173 ut
754 1115 824 1174 tunc
852 1111 953 1172 vincat
974 1125 1064 1192 „cum
1079 1106 1220 1187 laeditur,
1243 1116 1313 1174 tuuc
1335 1111 1517 1195 intelligatur

237 1237 303 1284 aum
324 1220 471 1300 arguitur,
502 1223 572 1280 tunc
593 1214 727 1281 obtineat
749 1233 815 1280 curu
835 1213 1005 1280 deseritur“
1021 1211 1064 1298 ¹).
1159 1199 1162 1206 ’
1239 1294 1241 1298 .
1493 1211 1496 1219 '

325 1324 373 1389 Ne
408 1321 638 1390 intermittamus
673 1336 771 1388 auum
803 1324 834 1385 lu
863 1323 945 1387 omui
973 1320 1040 1403 lide,
1071 1339 1133 1403 spe,
1148 1307 1152 1312 ’
1165 1329 1195 1386 et
1222 1320 1388 1388 bumilitate
1415 1323 1516 1390 cordis

241 1433 306 1495 dies
330 1416 491 1513 noctesque
520 1427 684 1493 ardentiori
716 1447 807 1511 usqae
836 1428 938 1492 studio
966 1427 1245 1494 misericordiarum
1262 1432 1358 1495 Deum
1380 1450 1466 1496 crare
1488 1440 1518 1496 et

239 1539 408 1616 obsecrare,
441 1545 475 1602 ut
496 1555 550 1620 per
571 1539 679 1600 merita
700 1534 853 1618 Unigeniti
874 1533 946 1598 Filii
966 1535 1018 1600 Sui
1040 1535 1162 1600 Domini
1183 1536 1287 1602 Nostri
1309 1539 1383 1602 iesu
1405 1537 1518 1604 ebrini

238 1646 311 1710 velit
341 1642 472 1709 omnium
503 1645 769 1726 preconcinuntium
800 1643 955 1725 propitius*
978 1642 1121 1714 misereri,
1152 1665 1268 1727 eosque
1303 1644 1426 1730 caelesti
1463 1667 1518 1710 sua

239 1751 333 1834 gratia
366 1749 554 1842 pertundere,
583 1751 746 1826 illustrare,
783 1758 871 1833 atque
900 1747 939 1813 ad
966 1768 999 1814 ae
1028 1757 1207 1824 convertere,
1237 1751 1388 1831 reducere,
1419 1759 1517 1836 utque,

239 1858 378 1924 omuibus
405 1843 573 1942 profligatis
604 1855 765 1938 erroribus,
803 1855 998 1938 omnibusque
1025 1843 1135 1938 amotis
1166 1857 1380 1942 iniquitatibus,
1416 1853 1518 1921 diviua
1549 1882 1553 1890 ¹

239 1986 294 2030 sua
319 1963 438 2048 religio,
462 1963 584 2050 ejusque
606 1961 746 2028 salutaris
770 1962 913 2036 doctriua,
938 1982 1012 2046 quae
1033 1964 1071 2028 ad
1094 1964 1287 2047 temporalem
1311 1946 1423 2050 quoque
1444 1985 1517 2047 rege

239 2088 346 2137 uorum
373 2068 610 2155 populorumque
641 2068 814 2135 felicitatem
844 2076 874 2131 et
906 2068 1151 2154 tranquillitatem
1184 2079 1337 2155 tantopere
1370 2073 1517 2153 conducit,

239 2180 372 2264 quotidie
393 2177 490 2260 magis
513 2178 620 2259 ubique
643 2169 789 2241 terrarum
812 2178 922 2258 vigeat,
945 2178 1049 2241 floreat
1069 2194 1104 2240 ac
1127 2179 1305 2246 dominetur.

328 2287 425 2370 Atque
446 2285 496 2348 hic
519 2302 686 2348 sermonem
709 2283 853 2348 Nostrum
880 2282 918 2346 ad
947 2302 1049 2348 omnes
1071 2270 1264 2351 venerabiles
1286 2285 1405 2351 Fratres
1427 2290 1518 2369 totius

240 2392 378 2459 catholici
406 2392 489 2456 orbis
518 2393 675 2454 Succorum
707 2391 868 2454 Antistites
897 2392 1003 2454 intima
1038 2391 1140 2455 cordis
1170 2395 1275 2457 ellectu
1306 2400 1520 2473 convertentes,

242 2505 316 2584 ipsis
341 2508 371 2564 et
393 2496 530 2564 fidelibus
553 2483 655 2562 eorum
679 2515 765 2560 curae
788 2496 906 2561 truditis
928 2496 1107 2572 iterumve!
1129 2494 1260 2564 manime
1282 2500 1521 2584 gratulamurde

241 2608 354 2673 eximia
377 2625 480 2670 eorum
502 2623 574 2686 erge
596 2604 670 2683 Nos,
693 2612 722 2670 et
744 2603 821 2668 banc
842 2603 926 2669 Petri
948 2601 1128 2686 Gatbedram
1151 2605 1219 2685 lide,
1242 2627 1343 2672 amore
1366 2618 1396 2673 et
1408 2609 1519 2673 obser-

239 2715 350 2791 rantis,
385 2729 420 2776 ac
442 2711 533 2778 simul
553 2713 720 2793 gratissimi
750 2712 843 2779 animi
874 2711 980 2778 Nostri
1012 2731 1120 2778 sensus
1152 2714 1260 2779 iisdem
1293 2716 1520 2781 Venerabilibus

238 2820 393 2884 Fratribus
423 2826 453 2882 et
481 2817 623 2884 fidelibus
641 2816 740 2901 palam
763 2814 940 2902 publiceque
963 2819 1134 2901 profitemur
1156 2821 1194 2885 ob
1218 2824 1295 2885 mira
1317 2841 1390 2886 sane
1411 2822 1520 2901 studia,

239 2927 345 3011 quibus
366 2925 504 2992 Nostros-
519 2929 674 3008 augustias
697 2924 795 2990 modis
817 2925 953 2991 omnibus
974 2924 1129 2992 sublevare
1150 2945 1212 2996 nou
1241 2922 1395 3001 desinunt,
1434 2926 1520 2994 Nihil

239 3055 315 3098 vero
335 3032 513 3114 dubitamus,
536 3035 606 3117 quin
628 3033 717 3097 iidem
740 3015 1073 3098 venerantissimos
1095 3053 1150 3114 pro
1165 3034 1294 3115 egregia,
1320 3054 1376 3117 qua
1391 3035 1521 3104 unanime

241 3148 406 3225 praestant,
436 3138 592 3223 religione,
621 3122 733 3221 pietate
760 3155 796 3201 ac
827 3136 1008 3227 sacerdotali
1040 3139 1107 3203 selo
1134 3149 1262 3220 pergant
1291 3139 1406 3225 majore
1428 3141 1526 3225 usque

242 3249 395 3312 alacritate
425 3238 455 3330 ot
482 3267 573 3330 opere
601 3266 659 3311 uua
682 3265 748 3310 cum
772 3245 909 3311 fidelibus
932 3247 991 3310 eibi
1014 3245 1183 3346 commissis
1205 3246 1357 3312 Ecclesiae
1379 3259 1410 3312 et
1431 3248 1520 3336 bujus

241 3355 434 3436 spostolicae
465 3351 553 3417 Sedis
582 3371 700 3416 causam
731 3358 902 3416 constanter
930 3350 1099 3424 defendere,
1127 3370 1162 3414 ac
1192 3353 1425 3438 ferventissimis,
1447 3362 1519 3430 suis,

244 3480 424 3543 suorumque
447 3457 576 3528 fidelium
598 3458 735 3540 precibus
758 3457 841 3521 adire
864 3475 930 3522 cum
944 3453 1060 3523 ‚fiducia
1088 3460 1331 3549 uua-Nobiscum
1354 3463 1392 3525 ad
1416 3462 1519 3526 Thro-

241 3587 312 3632 num
327 3567 449 3650 gratiae,
472 3583 508 3629 ao
523 3564 760 3648 potentissimum
774 3564 981 3629 immaculatae
996 3567 1267 3650 Sanctissimueque
1282 3568 1340 3630 Dei
1359 3565 1520 3632 Genitricis

245 3673 382 3756 Virginis
405 3675 516 3738 Mariae
539 3674 737 3759 patrocinium
760 3673 931 3756 implorare,
954 3679 998 3753 ut,
1020 3680 1081 3738 tarn
1096 3684 1336 3756 magnatumque
1353 3677 1520 3752 turbulente

245 3788 422 3864 tempestate
445 3779 581 3862 depulsa,
604 3777 949 3847 etCatbolicaFculcain
971 3778 1188 3862 optatissimam
1211 3771 1386 3864 assequatur
1408 3801 1520 3864 pacem,

244 3909 279 3952 aa
311 3895 366 3953 'sua
398 3886 505 3971 ubique
533 3885 674 3960 libertato,
701 3885 828 3962 truatur,
859 3895 888 3952 et
917 3906 1020 3952 omues
1051 3907 1070 3952 a
1097 3886 1232 3951 veritatis
1262 3907 1296 3951 ec
1315 3886 1451 3973 justitiae
1474 3895 1521 3953 nia

245 3996 417 4060 aberrantes
446 3991 569 4056 redeant
599 3992 636 4054 ad
669 4009 731 4070 cor,
763 4000 793 4056 et
825 4002 1035 4059 convertantur
1065 3993 1102 4063 ac
1132 3995 1239 4072 Deum,
1273 4013 1308 4056 ac
1340 3995 1520 4062 declinantes

246 4099 375 4173 amalo.
400 4110 430 4165 et
459 4100 601 4164 iacientes
624 4100 733 4163 bouum
756 4101 894 4166 incedant
916 4114 971 4184 per
989 4103 1117 4196 ¹semitas
1140 4101 1295 4166 Domini.“

248 4273 458 4288 W

321 4364 348 4430 ¹)
367 4367 393 4416 S.
412 4366 492 4420 uniar.
512 4367 545 4416 ue
563 4333 723 4446 cruceni.
743 4363 766 4416 r.
786 4379 809 4420 a.
828 4363 854 4419 ο.

785 4657 987 4670 ...κω-ι
