3400 5274
633 249 880 302 Publicatlon'sbuilc
899 249 946 301 ces
964 249 1023 304 buu.
1044 247 1210 302 concordate.

420 556 458 631 Β.
505 554 583 630 Febr
609 556 774 630 einzelne
800 553 963 646 Ldnder,
992 554 1210 645 Provinzen,
1240 554 1429 639 Uibonem,

857 753 881 802 1.
900 753 995 804 baden.

350 909 432 975 'Dio
462 909 660 977 Aetenrtueie
692 911 764 977 liber
797 911 869 996 „die
897 911 1040 980 ludrbclle
1062 895 1247 978 Consentino
1278 910 1338 976 und
1361 911 1410 975 die
1432 911 1563 978 Recbts-
1691 895 1692 898 ¹

286 1023 437 1109 vorginge
465 1018 513 1082 bel
543 1017 611 1081 dern
639 1005 772 1100 Vollsug
802 1012 981 1088 derselben“
1007 1019 1076 1084 sind
1108 1023 1140 1082 in
1171 1019 1229 1084 den
1257 1019 1456 1106 betredenden
1489 1041 1563 1085 ous-

285 1119 495 1207 gen'elcbneten
531 1124 767 1207 Abbaudlungen
805 1144 873 1188 vom
908 1125 985 1192 Hrn.
1021 1123 1283 1189 Knnrleidirector
1313 1129 1367 1189 llr.
1397 1127 1491 1198 Mace
1522 1126 1563 1190 irn
1691 1125 1692 1132 ’

285 1231 404 1306 brebie,
437 1229 491 1295 bd.
515 1239 545 1308 5,
573 1230 652 1296 Helt‘
672 1237 790 1306 3-6,
820 1230 930 1298 welche
965 1233 1009 1296 'im
1037 1229 1199 1314 folgenden
1233 1232 1324 1297 Helle
1354 1231 1407 1295 des
1436 1233 1563 1297 Arebirs

285 1337 461 1422 roregesmt
483 1337 614 1419 werden,
646 1339 685 1402 im
709 1338 858 1422 Uebrigen
882 1361 917 1403 so
940 1339 1123 1403 nusblbrlieb
1147 1337 1246 1430 theiis
1260 1338 1450 1423 vollstindig‚
1474 1340 1563 1405 tbeils

286 1448 327 1509 im
350 1449 487 1527 Amzngo
509 1444 697 1527 mitgetbeilt‚
734 1448 807 1511 (loss
830 1451 888 1512 wir
910 1467 965 1510 uns
988 1447 1053 1509 bier
1074 1447 1127 1510 aul
1151 1447 1208 1510 den
1231 1447 1371 1510 Abdrnclr
1394 1447 1447 1510 der
1469 1449 1564 1510 uneb-

268 1544 417 1633 'trbglieb
441 1551 703 1616 mitautbeilenden
727 1551 837 1635 pipstl.
861 1552 1152 1633 Publicationsbulle‚
1175 1553 1275 1616 iernen·
1297 1553 1350 1616 der
1371 1551 1564 1634 erzlt’ecluif-
1691 1629 1692 1648 Χ

285 1660 383 1724 le'clten
405 1657 618 1739 Denleelert'st
642 1658 696 1722 des
720 1679 822 1750 nonen
838 1658 1237 1742 Stants-Kircbongesetres.
1267 1658 1326 1722 und
1349 1658 1401 1724 des
1423 1673 1563 1724 neuesten

288 1763 537 1834 Notenwecbscls
568 1765 718 1831 swiscben
749 1765 802 1828 der
819 1766 994 1862 'Regiorung
1025 1765 1084 1828 und
1108 1767 1190 1829 uon
1209 1763 1412 1830 bescbriinken
1436 1767 1562 1858 bbnnen.
1691 1849 1692 1858 ἵ

302 1979 336 2036 ι.
362 1949 619 2034 sensere-rma
649 1975 815 2032 nonrrnr
842 1976 979 2048 nouere
1009 1975 1073 2033 un
1104 1976 1251 2034 nevus·
1280 1956 1545 2034 nrorruener'a

568 2067 704 2136 Papae
726 2065 794 2122 lx.
821 2065 1001 2124 mittereac
1020 2066 1281 2138 apostoncae

279 2187 281 2192 ·
306 2155 420 2238 ¹Quibus
445 2177 589 2228 conventio
614 2179 684 2227 inter
709 2181 825 2226 sanctam
843 2177 932 2228 sedern
952 2183 978 2228 et
1002 2179 1204 2229 serenissimum
1229 2179 1380 2245 Principem
1406 2177 1528 2243 ilugnmn

657 2263 786 2336 Budarem
806 2267 905 2317 bueem
924 2269 989 2318 inita
1009 2267 1191 2320 confirmatur.

446 2375 553 2492 urus
584 2410 825 2490 uurucouus
852 2387 1019 2491 suenrus
1049 2426 1285 2505 sunrouup
1312 2425 1396 2492 unc

655 2553 711 2639 ⁸nn
729 2548 989 2632 rsnuurunnnnr
1008 2552 1182 2606 usnemun.
1202 2585 1204 2590 ,
1428 2543 1430 2552 ’

373 2695 499 2784 Aeterni
521 2691 659 2758 Pastoris
688 2691 798 2756 vicario
827 2693 876 2758 bic
898 2699 930 2758 in
953 2697 1043 2760 terris
1066 2698 1237 2778 procuratio
1260 2695 1357 2760 Nobis
1380 2697 1462 2761 nullo
1486 2707 1565 2761 certe
1691 2705 1692 2710 ’

287 2801 460 2867 meritorum
484 2804 638 2885 snllragio,
661 2801 717 2867 sed
739 2801 883 2866 ineffabili
899 2802 1023 2868 Dirinse
1039 2803 1248 2868 Providentiae
1263 2803 1387 2868 consilio
1403 2806 1565 2868 commissa

286 2910 426 2992 pustulat,
450 2920 481 2973 nt
504 2910 605 2974 omnia
626 2911 740 2975 Nostra
763 2908 892 2975 consilia
914 2920 945 2975 et
966 2911 1065 2976 studio
1086 2916 1117 2975 in
1140 2911 1271 2976 uniuersi
1292 2909 1440 2975 Dominici
1463 2911 1564 2993 gregis

288 3018 423 3089 salutem,
439 3024 469 3080 et
479 3016 650 3082 Catholicae
659 3015 813 3082 Ecclesiae
828 3017 983 3097 utilitatem
999 3017 1106 3102 ubique
1121 3018 1346 3100 promovendam
1359 3017 1474 3082 assidue
1487 3037 1564 3082 con·
1691 3075 1692 3108 p

287 3124 428 3191 ieramus.
453 3120 601 3203 Quocirca
615 3123 807 3207 Apostolicus
822 3126 954 3190 Nostros
976 3145 1070 3199 curas,
1088 3117 1346 3208 ¹cogitationesque
1362 3125 1399 3188 sd
1416 3127 1565 3188 ecclesis-

288 3213 382 3294 sticns
404 3233 569 3312 superioris
590 3231 687 3295 Rheni
710 3235 881 3313 provincias
905 3233 986 3296 omni
1009 3231 1108 3295 studio
1131 3235 1341 3312 convertimus,
1364 3239 1395 3296 ut
1417 3233 1460 3296 ibi
1473 3251 1564 3296 sanc·

225 3359 228 3365 ·
286 3340 407 3402 tissima
436 3346 547 3403 nostra*
562 3337 680 3420 Religio
709 3337 820 3402 meiero
852 3343 883 3401 in
914 3339 980 3402 dies
1004 3340 1184 3404 incrementa
1207 3344 1359 3423 suscipiat,
1383 3347 1412 3404 et
1430 3340 1565 3424 ‘quotidie
1691 3349 1692 3354 ’

273 3443 384 3538 magis
407 3463 552 3528 prospere
575 3445 757 3528 feliciterque
779 3447 888 3526 vigeat,
922 3452 951 3508 et
973 3444 1086 3508 florent.
1110 3447 1227 3511 Etenim
1250 3448 1367 3511 etiamsi
1389 3447 1588 3537 recolendae

286 3553 446 3616 memoriae
476 3553 727 3619 Praedecessorea
753 3552 857 3616 Nostri
888 3551 960 3616 Pius
991 3549 1172 3635 praesertim
1198 3553 1252 3618 Vll
1285 3557 1348 3617 suis
1380 3543 1563 3637 Apostolicis

155 3742 159 3748 Ι
287 3659 410 3724 Litteris
427 3659 508 3724 XVII
530 3660 684 3724 Kalendas
701 3660 881 3742 Septembris
896 3680 973 3724 anno
989 3660 1150 3737 millesimo
1163 3665 1406 3746 octingentesimo
1422 3661 1563 3726 vicesimo

286 3767 385 3851 primo
417 3768 472 3831 sub
502 3765 624 3850 plumbo
655 3767 745 3846 datis,
779 3775 808 3830 et
830 3769 1041 3850 incipientibus
1064 3768 1223 3844 „Procedo
1246 3766 1422 3852 solersque“
1444 3787 1477 3832 ac
1499 3765 1563 3834 Leo

287 3875 339 3940 Xll
354 3895 408 3957 per
421 3876 495 3939 alios
512 3873 627 3939 similes
640 3875 770 3938 Litteras
786 3872 826 3937 lll
840 3873 909 3937 Idus
922 3875 1033 3956 Aprilis
1049 3896 1127 3938 nuno
1142 3874 1303 3939 millesimo
1318 3880 1563 3957 octingentesimo

289 3983 431 4048 vicesimo
447 3987 575 4065 septimo
591 3983 698 4057 editas,
725 3977 845 4065 quercum
861 3984 976 4047 initium
997 3985 1070 4062 „Ad
1083 3981 1240 4049 Dominio·
1248 3987 1354 4068 propio
1369 3983 1564 4075 custodiem‘
1691 3973 1692 3980 ἵ

287 4087 499 4174 ecclesiasticis
516 4089 683 4154 earumdem
699 4086 1068 4174 provinciarnmnegotiis,
1084 4109 1119 4154 au
1135 4089 1284 4172 spirituali
1298 4090 1419 4154 illorum
1434 4091 1563 4154 bdelium

287 4199 367 4262 bono
398 4207 534 4261 accurate
565 4198 737 4280 prospicere
768 4196 954 4275 studuerunt
987 4206 1084 4259 tamen
1118 4198 1209 4279 probe
1241 4199 1501 4281 cognoscebamus,
1525 4199 1563 4262 ob

151 4297 152 4306 ¹
260 4356 262 4367 ,
287 4325 385 4370 rerum
408 4323 443 4368 ac
466 4300 631 4387 temporum
657 4304 883 4368 vicissitudines
906 4301 967 4368 aliu
989 4324 1005 4365 a
1029 4304 1125 4368 Nobis
1142 4305 1331 4387 suscipienda
1348 4325 1414 4370 esse
1429 4298 1563 4384 consilis,

287 4420 349 4475 turn
380 4412 418 4475 ad
448 4413 590 4476 maiorem
621 4408 740 4476 illorum
773 4410 902 4474 fidelium
926 4409 1082 4474 utilitatem
1105 4413 1344 4493 procurandam·
1366 4422 1427 4476 tum
1450 4413 1487 4477 ad
1511 4435 1563 4478 cas

287 4520 468 4584 amovendas
492 4518 692 4612 difficultates,
717 4538 789 4601 quae
809 4516 922 4583 ultimis
944 4517 1022 4603 bisce
1038 4511 1225 4600 potissimum
1241 4519 1425 4602 temporibus
1436 4525 1564 4585 'exortae

287 4627 413 4691 luerunt.
446 4626 578 4690 Maxime
602 4627 693 4707 igitur
716 4625 831 4690 laetitia
852 4627 951 4688 offecti
973 4625 1093 4706 fuimus,
1121 4627 1171 4689 ubi
1193 4625 1408 4690 serenissimus
1431 4647 1466 4689 ac
1489 4626 1563 4692 Cel-

287 4734 423 4798 sissimus
452 4735 561 4815 Regius
589 4733 730 4816 Princeps
761 4730 980 4798 renunculis
1011 4733 1136 4816 Magnus
1167 4732 1311 4796 Budarem
1334 4735 1405 4798 Dux
1428 4747 1446 4798 a
1467 4733 1563 4799 Nobis
1691 4759 1692 4764 ¹

142 4896 144 4900 .
186 4931 187 4934 Ἴ
287 4839 472 4925 efflagitavit,
508 4849 539 4906 ut
568 4839 767 4908 ecelesiastica
797 4840 826 4905 in
858 4840 968 4922 blegne
999 4859 1053 4905 sno
1086 4839 1200 4906 Ducatu
1231 4843 1350 4924 negotia
1383 4860 1562 4926 componere
