3400 5274
436 243 605 318 ammaon,
624 243 755 319 Ειειεειι
770 243 819 304 des
834 247 969 304 neranard
985 259 1040 306 rou
1056 249 1144 306 iuria.
1405 258 1429 332 5

243 444 306 510 Das
328 451 407 512 orsis
430 443 547 531 Oapital
570 447 691 532 beginnt
714 447 798 539 ohne¹
815 449 1026 531 Uebersohriit,
1065 470 1122 517 nur
1154 455 1209 518 mit
1232 453 1284 516 der
1307 453 1433 536 Augabo

155 553 209 620 der
229 549 384 636 Nummer,
407 553 550 622 sibrand
572 555 621 621 dio
643 550 804 638 folgenden
827 559 931 640 eigans
954 557 1197 623 Uebersoirriiten
1219 540 1345 625 haban(

243 662 306 726 Der
327 662 408 728 Text
430 660 587 728 darsslbon
609 665 649 726 ist
671 661 847 747 folgender:
1071 653 1074 660 ’

241 765 263 830 i.
285 768 332 832 De
352 766 469 834 ratione
490 769 672 836 matrimonii
686 769 886 852 Hieronymus
909 771 966 833 ait:
989 769 1056 834 Nisi
1072 772 1292 838 matrimonium
1315 771 1431 856 inisset,

154 873 311 957 uirginitas
334 893 393 940 non
417 882 508 940 assat:
531 895 570 940 ex
592 879 782 942 matrimonio
798 885 878 942 terra
892 876 1042 959 impietur,
1065 897 1107 943 ax
1121 879 1290 962 virginitate
1305 877 1431 946 coslum.

242 979 277 1045 n
299 977 351 1046 De
365 1001 460 1048 amore
476 1002 556 1067 quae
571 983 708 1055 dotando
724 985 769 1050 eit
783 984 966 1068 Augustinus
981 984 1037 1050 ait:
1055 981 1162 1066 Qualis
1176 987 1262 1052 debat
1277 1006 1342 1051 esso
1357 1007 1434 1051 uxor

155 1103 226 1174 qaae
241 1088 375 1154 habands
391 1099 437 1154 ost
451 1091 483 1154 id
496 1097 552 1166 εει,
569 1093 754 1176 perlegam?
771 1091 803 1157 Si
819 1091 902 1174 virgo
917 1099 1008 1167 oasta,
1025 1095 1051 1158 si
1067 1095 1241 1176 disponsata
1256 1099 1288 1158 in
1303 1093 1433 1175 virgini-

155 1203 225 1276 tate,
247 1194 274 1258 si
297 1194 396 1261 dotata
417 1199 549 1280 legitimo
572 1205 602 1264 ει
624 1219 643 1264 a
673 1201 846 1284 parentibus
879 1197 988 1264 tradita
1018 1219 1130 1283 sponso
1160 1210 1190 1265 ει
1219 1201 1432 1284 paranymphis

154 1300 231 1389 ejas,
254 1303 424 1386 aaaipisnda
448 1312 478 1370 ει
498 1305 541 1371 ιιι
562 1326 617 1389 por
638 1304 734 1390 iugem
757 1315 787 1373 ει
801 1305 987 1390 evangelium
1003 1306 1131 1390 publicis
1146 1308 1258 1390 nuptiis
1273 1307 1434 1372 honestata

156 1415 186 1475 iu
210 1410 382 1500 eonjugium
404 1411 508 1480 linitae
530 1415 673 1479 sumenda
695 1423 750 1496 est,
774 1421 803 1478 st
825 1414 962 1480 omnibus
984 1414 1089 1480 diebus
1111 1414 1190 1481 vitas
1213 1434 1284 1480 suso
1306 1419 1368 1479 uisi
1390 1434 1432 1478 ex

156 1537 302 1585 oonsanra
328 1527 361 1586 ,ει
388 1539 478 1586 sauss
505 1521 632 1587 vacandi
660 1523 716 1589 deo
739 1541 887 1607 nunquam
909 1542 926 1585 a
950 1522 1015 1587 viro
1038 1543 1093 1588 suo
1115 1521 1281 1606 separanda
1303 1530 1350 1588 ost
1373 1541 1433 1587 sx-

156 1634 242 1712 oepto
264 1626 472 1692 iornioationis
494 1646 594 1694 eausa.
642 1627 775 1694 sionim
797 1627 945 1696 iornioata
967 1630 1059 1695 iusrit
1087 1617 1258 1714 reliquenda
1287 1636 1342 1705 ost,
1377 1627 1434 1694 sod

158 1732 211 1799 illa
233 1731 350 1799 rivents
372 1733 467 1800 aitsra
488 1754 549 1802 non
572 1736 703 1802 ducenda
726 1747 782 1819 εει,
807 1737 873 1822 quis
896 1734 1020 1802 adulteri
1042 1755 1166 1820 rognum
1190 1738 1238 1802 dai
1253 1756 1314 1802 non
1328 1736 1433 1820 possi-

157 1841 277 1910 debunt.
574 1909 575 1912 ,

246 1949 296 2016 ΙΙΙ.
319 1948 370 2018 De
382 1951 527 2044 secundis
540 1951 660 2036 nuptiis
672 1971 731 2022 nou
742 1954 945 2039 prodideudia
949 1961 1075 2040 propter
1090 1955 1261 2026 cautionem
1275 1950 1433 2022 adulterii

246 2059 432 2142 Augustinus
454 2064 513 2126 sit:
536 2062 688 2127 Seaundas
710 2066 831 2146 nuptias
853 2070 974 2145 propter
996 2061 1238 2128 incontinentiam
1256 2059 1434 2148 jubatupo-

157 2165 256 2229 stolus
279 2165 400 2233 dicens:
428 2166 535 2234 molius
558 2177 606 2234 εει
628 2172 694 2234 viro
717 2171 827 2234 nabars
851 2190 937 2253 quam
959 2166 1108 2252 explenda
1128 2169 1252 2236 libidine
1275 2188 1341 2233 cam
1363 2166 1434 2251 pln-

156 2272 242 2338 ribus
263 2273 422 2350 iomiaari:
451 2279 572 2361 saepius
603 2279 683 2343 onim
713 2277 844 2345 nubendi
873 2275 992 2343 lieentia
1024 2293 1085 2342 non
1117 2285 1163 2343 εει
1194 2279 1350 2359 roligionis
1381 2275 1445 2340 sed¹

156 2381 302 2447 oriminis.

247 2490 301 2554 iv.
323 2485 375 2555 Do
396 2485 541 2575 iepiiimia
562 2491 726 2578 conjugiis.

248 2596 451 2680 Hieronymus
474 2601 531 2663 aitr
553 2600 629 2665 Tria
652 2598 785 2684 legitima
808 2597 949 2688 conjugia
970 2601 1002 2665 iu
1024 2600 1183 2682 scripturis
1199 2596 1346 2680 leguntur.

247 2705 378 2770 Primum
410 2704 580 2795 conjugium
611 2707 696 2792 virgo
726 2714 813 2772 uasta·
840 2717 869 2772 ει
901 2710 1076 2791 disponsata
1105 2711 1138 2770 in
1167 2706 1348 2790 virginitate,
1371 2703 1436 2768 viro

155 2813 261 2879 dotata
283 2811 425 2896 legitimo,
449 2825 479 2881 ει
501 2815 614 2899 reliqua
637 2815 686 2899 qui
708 2822 870 2900 sequuntur
892 2815 924 2879 in
946 2814 1117 2898 praedietis.

223 2921 414 2986 ''daoundum
436 2926 532 3005 virgo.
545 2921 577 2988 in
599 2919 718 2986 o‘ivitata
739 2922 925 3004 deprehensa
946 2941 965 2984 a
987 2921 1051 2985 viro
1074 2930 1104 2985 et
1126 2919 1171 2984 iiii
1193 2921 1322 3002 pervim
1339 2938 1435 3001 oopu-

158 3025 233 3093 lata.
262 3026 296 3094 Si
324 3027 453 3094 voluerit
477 3038 564 3113 pater
591 3029 669 3117 ejus,
706 3028 821 3094 dotabit
847 3047 912 3092 eam
941 3029 997 3092 ists
1020 3030 1066 3092 vir
1096 3036 1236 3112 quantum
1255 3024 1435 3112 judicaverit

157 3144 253 3218 pater,
276 3142 307 3202 et
330 3135 412 3200 dabit
433 3141 560 3220 pretium
580 3137 741 3221 pudicitiae
762 3133 839 3223 ejus.
870 3137 902 3200 Si
925 3144 1021 3202 autem
1036 3135 1172 3202 habuerit
1186 3153 1332 3219 sponsum
1348 3140 1438 3198 ante-

46 3331 48 3337 i
159 3262 247 3328 quam
270 3241 453 3327 deprehensa
474 3243 576 3320 iussit,
602 3243 721 3308 dabitur
742 3246 770 3308 ει
791 3245 943 3309 voloutato
964 3246 1061 3328 patris
1085 3241 1225 3309 ettiliao.

249 3353 385 3418 Tertium
422 3351 481 3416 fiiis
511 3349 664 3434 praediota
691 3351 874 3435 deprehensa
902 3355 931 3416 si
957 3371 1017 3416 non
1045 3351 1143 3425 suerit,
1177 3349 1316 3418 voluntas
1341 3353 1435 3433 patris

160 3458 257 3526 trahet
271 3479 337 3525 sam
352 3478 371 3524 a
384 3459 454 3524 viro·
472 3457 631 3542 praedicto,
652 3465 684 3524 ot
705 3459 803 3524 tradet
825 3479 890 3524 eam
912 3457 975 3541 alii,
996 3466 1026 3524 ει
1041 3459 1157 3526 dotabit
1170 3477 1242 3534 enm,
1260 3465 1290 3524 ει
1304 3457 1438 3544 legitima

161 3565 219 3635 erit
235 3567 270 3635 ei.
295 3568 356 3632 Sed
378 3570 506 3650 primum
528 3567 576 3630 iris
599 3565 713 3631 duobus
737 3567 914 3648 praefertur.

250 3676 289 3741 V.
312 3673 363 3740 De
385 3679 496 3758 quarto
517 3673 656 3758 conjopto
678 3673 779 3740 notio.

249 3781 449 3864 Hieronymus
470 3777 531 3845 aits
560 3782 690 3846 Additur
711 3781 791 3848 aliud
815 3789 949 3866 quartum
970 3779 1135 3864 legitimum
1158 3775 1339 3866 conjugium.
1363 3775 1440 3852 Cum

160 3897 276 3956 moram
297 3888 388 3955 inerit
411 3908 489 3954 uxor
509 3885 603 3965 illius,
624 3889 693 3953 lioot
715 3895 745 3952 et
766 3886 959 3972 illiaooipsra
974 3889 1073 3968 aliam,
1089 3887 1219 3954 sednon
1235 3886 1363 3962 viduam,
1385 3905 1440 3950 nso
1473 3933 1474 3942 a

162 3997 355 4080 repudiatam,
379 4013 434 4060 nea
448 3995 654 4079 disponsatam
677 3999 754 4077 viro,
777 3997 830 4061 sed
852 3994 961 4074 fiiiamy
983 3997 1060 4060 sieut
1075 3994 1162 4059 debet
1177 4002 1206 4057 et
1222 3989 1339 4057 mulier.
1368 3991 1441 4055 iude

162 4103 236 4168 dioit
257 4085 383 4168 Paulas}
414 4102 525 4168 Mulier
555 4106 621 4187 quio
652 4104 707 4167 sub
737 4105 811 4182 viro,
842 4112 889 4166 ost
920 4101 1011 4184 ligata
1033 4102 1088 4166 sub
1119 4101 1198 4184 legs
1214 4103 1273 4164 riri
1303 4099 1442 4184 quamdiu

160 4211 242 4276 vivat
263 4215 312 4276 rir
334 4210 406 4299 ejus.
437 4210 533 4294 igitur
555 4215 671 4276 vivente
694 4213 759 4276 viro
782 4229 836 4275 suo
860 4209 1014 4275 roosbitur
1035 4209 1169 4274 adultera
1191 4210 1219 4271 si
1230 4205 1336 4294 juncta
1350 4206 1442 4271 fuerit

165 4319 251 4383 alteri
273 4317 356 4396 viro;
388 4322 416 4382 si
437 4326 533 4383 sutem
555 4325 690 4384 mortuus
720 4319 811 4384 iuerit
841 4320 889 4381 ιιι·
919 4315 993 4403 ejus,
1026 4317 1151 4381 liberata
1173 4323 1220 4381 εει
1243 4335 1260 4377 a
1283 4311 1350 4397 lege
1373 4317 1440 4388 viri,

164 4425 206 4489 ita
228 4434 262 4492 ut
283 4443 344 4489 nou
366 4428 407 4490 rit
429 4426 561 4490 adultera
584 4427 612 4492 si
633 4426 725 4491 fuerit
748 4442 813 4488 oum
836 4423 895 4489 aiio
918 4427 991 4490 viro.
1028 4457 1029 4460 ¹

255 4531 306 4596 Vi
329 4529 380 4597 Da
402 4534 508 4616 quinio
530 4535 669 4619 conjupio
692 4533 790 4600 notio.

216 4671 220 4681 ·
252 4641 456 4722 Hieronymus
477 4641 534 4707 ait:
565 4642 693 4707 Additur
715 4644 857 4725 quisturn.
889 4641 935 4727 Si
952 4638 998 4703 vir
1020 4639 1084 4703 aira
1107 4635 1212 4700 mulier
1234 4655 1272 4700 ex
1296 4653 1442 4699 consensa

163 4744 341 4833 miigionem
360 4752 502 4834 cooperit,
537 4745 607 4816 liast
629 4746 715 4815 alteri
738 4749 869 4830 aooipera
892 4765 1000 4811 novum
1023 4743 1204 4832 conjugium,
1236 4743 1290 4808 sed
1313 4731 1442 4824 pueliam

168 4854 216 4922 val
237 4874 368 4939 puerum.
468 4887 469 4892 ε
