3458 5270
471 177 642 248 rammam,
659 175 788 234 dicacem
805 179 853 232 des
870 175 1005 232 Bemherd
1021 189 1074 232 ran
1088 177 1176 234 raam.
1381 177 1458 256 257

276 372 413 440 datalia
435 370 538 456 regula
560 374 598 468 dc
619 371 762 458 gradibus
785 372 1005 457 computandist
1043 391 1171 457 persona
1191 372 1294 438 addito
1314 392 1461 458 personae

187 503 244 569 pcr
261 485 365 546 carnis
388 483 631 564 propagationem
654 487 749 544 mutat
769 479 904 562 gradum,
927 479 980 544 sed
1001 498 1062 544 non
1086 499 1197 563 genua,
1218 480 1326 544 additu·
1341 481 1460 566 inquam

187 608 226 653 ex
248 594 334 671 parte
357 588 633 668 consanguinitatis,
655 606 717 650 uon
738 585 891 650 affinitatis
908 581 951 667 1).
997 663 999 670 Α

276 693 365 757 Verbi
393 697 489 776 gratia
517 711 572 775 ego
601 701 631 757 et
653 712 730 756 uxor
751 693 855 757 iratris
878 695 937 756 mei
960 709 1060 756 sumus
1083 693 1114 757 in
1136 696 1234 775 primo
1256 692 1352 777 gradu
1372 695 1462 776 primi
1523 771 1527 777 ‚

189 799 326 884 generis,
349 799 474 866 addatur
496 798 569 862 nint
593 802 642 882 qui
656 817 722 862 sum
738 818 776 863 ex
793 806 878 882 parte
892 798 1161 880 consanguinitatis
1176 799 1264 880 iilius,
1278 790 1411 864 ‘distabit
1427 797 1461 884 ²)

188 908 225 972 ab
249 926 344 971 axona
366 906 470 971 fratris
492 907 551 969 mei
573 906 703 970 secundo
726 906 820 990 gradu
841 904 974 993 ejusdam
997 911 1126 989 generis,
1149 926 1243 990 nepos
1265 913 1348 971 mens
1364 906 1462 985 tertio,

189 1033 339 1098 pronepos
361 1032 445 1078 meus
469 1019 588 1096 quarto,
624 1019 654 1076 et
675 1013 721 1076 sic
743 1033 836 1096 usquo
859 1013 896 1077 ad
919 1012 1087 1094 septimum.
1132 1013 1167 1078 si
1188 1020 1284 1077 autem
1306 1012 1464 1078 adderetur
1497 1028 1499 1040 ·

191 1119 272 1186 iiius
296 1123 385 1184 uxori
402 1116 435 1205 8)
458 1121 561 1184 fratris
584 1120 655 1195 mai,
678 1139 750 1203 quae
771 1127 819 1183 est
841 1139 879 1184 ex
902 1127 986 1203 purte
1009 1120 1171 1194 affinitatis,
1195 1127 1334 1204 quantum
1356 1119 1393 1183 ad
1416 1140 1463 1184 me

191 1231 316 1311 quinon
333 1225 400 1307 ieci,
424 1235 546 1310 propter
569 1226 645 1312 quod
671 1233 751 1292 esset
773 1225 846 1290 milui
869 1224 980 1307 affinis,
1004 1227 1057 1290 sed
1079 1227 1171 1292 frater
1192 1246 1274 1291 meus
1292 1233 1321 1292 ct
1344 1230 1412 1310 ipsa
1432 1226 1464 1290 id

190 1337 333 1412 iecerunt,
356 1338 395 1414 si,
417 1335 536 1418 inquam
553 1333 712 1398 adderetur
733 1337 761 1396 ei
784 1334 875 1409 iilius,
897 1342 947 1397 aut
969 1341 1049 1397 essct
1072 1333 1108 1398 de
1131 1333 1192 1397 irut
1214 1353 1289 1406 meo,
1313 1354 1346 1398 er
1369 1340 1398 1396 et
1419 1337 1464 1398 sio

195 1462 254 1508 non
278 1441 423 1507 affinitate
444 1439 495 1504 sed
519 1440 774 1525 consanguinitate
791 1437 921 1526 ⁴)„mihi
943 1442 1089 1522 attineret,
1123 1448 1174 1504 aut
1196 1440 1233 1504 de
1255 1439 1324 1520 alio,
1347 1459 1401 1504 nec
1419 1424 1464 1504 ita
1532 1491 1534 1495 .

192 1549 264 1614 mihi
286 1552 433 1620 attineret.
457 1566 512 1613 uec
534 1569 589 1632 per
610 1547 793 1628 affinitatem,
815 1567 869 1612 aec
891 1567 945 1631 per
966 1545 1308 1633 consanguinitatem).

5 1623 7 1730 i
36 1674 42 1683 ’
281 1654 365 1719 Hueo
393 1661 490 1720 autem
519 1655 621 1738 regula
650 1652 681 1718 in
711 1654 838 1719 secundo
861 1663 890 1720 et
912 1656 1001 1721 tertio
1024 1673 1131 1738 genere
1153 1655 1256 1722 eodem
1279 1651 1466 1737 protenditur
1498 1692 1500 1696 -

194 1760 293 1828 modo.

283 1867 501 1934 Praetermissa
530 1885 600 1931 vero
632 1866 689 1930 iaao
718 1869 934 1952 computetiona
964 1871 995 1932 in
1022 1869 1121 1950 primo
1144 1848 1319 1954 generacio
1341 1885 1466 1950 compu-
1506 1895 1510 1908 ¹

193 1975 270 2040 tabis
291 1973 401 2058 gradm
419 1971 469 2057 6);
491 1971 552 2039 duo
574 1972 684 2038 iratres
707 1973 828 2038 suntin
850 1978 948 2057 primo
970 1975 1066 2056 gradu
1088 1972 1364 2057 consanguinitatis,
1383 1992 1468 2039 uxor

171 2086 279 2176 ,unius
302 2101 367 2146 cum
389 2079 506 2164 reliquo
529 2074 560 2145 iu
584 2085 685 2164 primo,
705 2081 800 2163 gradu
815 2076 850 2164 7)
872 2080 962 2164 primi
984 2085 1101 2164 genonis
1123 2063 1306 2157 affinitatis,
1322 2081 1383 2150 diii¹
1399 2080 1467 2145 iru-

192 2196 268 2254 trum
291 2189 324 2252 in
346 2186 479 2252 secundo
499 2185 594 2270 gradu
617 2185 950 2273 consanguinitatisi),
987 2205 1066 2252 uxor
1095 2189 1180 2253 unius
1212 2206 1278 2253 cum
1299 2187 1412 2274 reliquo
1434 2192 1467 2252 in

193 2296 325 2370 secundo
347 2287 441 2378 'grath
463 2295 554 2377 primi
576 2295 713 2377 generis,
749 2302 884 2376 nepotes*
904 2294 1029 2360 fratrum
1059 2295 1090 2357 in
1112 2293 1199 2360 tertio
1222 2295 1316 2376 grath
1338 2313 1467 2359 conscu-

193 2403 356 2486 guinitatis,
378 2419 460 2466 uxor
481 2405 569 2465 nnius
593 2419 660 2466 cum
682 2400 799 2486 reliquo
821 2405 853 2464 in
875 2406 964 2466 tertio
986 2399 1192 2486 gradu‘primi
1213 2406 1342 2484 generis.
1440 2470 1443 2476 ,

5 2605 6 2612 ¹
143 2610 146 2613 Ι
286 2529 337 2591 Sic
358 2543 498 2609 percurre
521 2544 615 2608 usqua
636 2525 674 2589 ad
697 2528 855 2608 septimum
878 2527 1013 2608 gradum,
1036 2527 1184 2591 servando
1206 2545 1323 2610 semper
1344 2527 1467 2591 eundem

33 2637 34 2640 ’
193 2631 319 2717 gradum
340 2637 372 2696 iu
395 2630 537 2697 affinitate
560 2632 609 2714 qui
630 2637 676 2696 est
697 2635 729 2696 iu
752 2634 1025 2715 consanguinitate,
1055 2634 1092 2699 de
1115 2654 1172 2718 qua
1193 2633 1365 2717 proceditur
1382 2631 1422 2710 9).

269 2757 320 2822 ¹ln
344 2757 475 2852 secundo
497 2774 606 2839 genere
627 2774 667 2822 cx
689 2763 811 2841 utraque
833 2765 918 2841 parto
940 2756 1029 2823 ducto
1050 2757 1095 2822 aio
1116 2765 1322 2840 computantur
1342 2759 1468 2840 gratim:

197 2885 307 2933 uxores
329 2864 454 2930 duorum
476 2862 600 2928 fratrum
622 2870 690 2927 sunt
711 2864 742 2928 in
766 2867 862 2947 primo
886 2864 989 2947 gradu,
1013 2867 1125 2929 uxoras
1139 2865 1266 2946 iliorum
1280 2862 1468 2956 fratruum)

196 2977 227 3039 in
250 2972 389 3045 secundo,
413 2989 524 3036 uxores
547 2977 686 3051 nepotum
707 2973 740 3034 in
762 2975 862 3052 tertio,
885 2975 1081 3055 pronepotum
1103 2975 1136 3036 in
1157 2979 1270 3055 pomo.

284 3095 381 3186 limiti
406 3093 512 3168 modo,
543 3091 656 3172 ubi11)
683 3094 843 3187 secuudum
873 3114 967 3178 genus
989 3114 1028 3158 ex
1050 3093 1142 3159 altera
1163 3101 1248 3179 parto
1270 3099 1383 3164 tantum
1407 3091 1466 3158 du-

196 3205 285 3286 citur,
315 3203 426 3287 gradus
457 3201 704 3283 computabuntur
719 3197 791 3287 ¹²).,
826 3203 1004 3268 Recurratur
1034 3200 1112 3266 enim
1141 3203 1177 3266 ad
1208 3204 1336 3285 primum
1365 3221 1468 3284 genus,

196 3319 227 3377 et
251 3312 300 3394 qui
322 3309 434 3394 gradus
457 3311 514 3374 erit
532 3304 581 3391 13)
604 3311 636 3370 in
658 3311 767 3390 primo,
798 3309 877 3374 idem
905 3309 963 3374 erit
988 3310 1020 3373 in
1050 3309 1190 3388 secundo,
1221 3307 1320 3374 addita
1342 3328 1469 3392 persona

199 3437 345 3503 personne
366 3436 421 3501 por
443 3417 541 3480 carnis
565 3413 710 3497 copulam.
740 3499 743 3504 Ι
1009 3428 1011 3437 ‘
1244 3399 1245 3404 ’

200 3571 410 3588 m

283 3682 308 3753 1)
327 3684 388 3736 eod.
407 3684 443 3736 11:
464 3696 497 3734 ex
514 3686 591 3745 purte
609 3681 756 3736 affinitatis.

282 3772 307 3840 2)
327 3772 436 3843 coa.,1:
456 3772 576 3822 distabat.

284 3861 309 3930 ⁸)
329 3863 393 3915 cod.
411 3865 448 3912 11:
468 3863 565 3912 uxoris.

285 3948 310 4017 ⁴)
330 3952 391 4002 Cod.
410 3954 449 4002 11:
469 3948 685 4017 adsiduitatem,
704 3949 739 3999 ad
757 3950 1014 4014 consanguinitatem.
1044 3959 1050 3970 ·

283 4040 309 4106 ⁸)
328 4041 392 4092 cod.
412 4041 450 4092 Ii:
471 4040 702 4102 eoasangutnttate
719 4038 782 4090 mihi
800 4042 926 4091 attineret
943 4051 992 4090 nee
1010 4053 1058 4104 par
1076 4040 1230 4091 affinitatem
1250 4045 1299 4094 ato.

204 4115 207 4122 ’
284 4129 309 4195 ⁰)
330 4129 392 4181 Cod.
412 4129 450 4180 il:
469 4131 497 4179 ln
515 4130 600 4191 primo
620 4128 713 4192 gradu
750 4128 797 4179 Est
814 4131 854 4180 aio
870 4130 1065 4191 computandus.

284 4219 309 4283 τ)
328 4218 390 4269 cdd
409 4219 442 4269 ii:
463 4220 491 4269 in
511 4219 626 4269 secundo
646 4218 741 4282 gradu

284 4306 451 4368 ⁸)cod.11:
471 4305 519 4354 utu
539 4310 586 4356 etc
606 4307 709 4359 desunt.

284 4395 309 4461 ⁹)
328 4395 390 4447 Cod.
409 4397 436 4446 1:
456 4396 582 4458 procedit.

274 4483 315 4552 ¹⁰)
334 4485 395 4536 cod.
413 4486 439 4536 1:
458 4498 554 4538 uxorea
573 4483 698 4538 tiliorum.

275 4573 313 4641 ¹¹)
333 4575 395 4626 cod.
414 4574 440 4625 12
458 4572 536 4625 modo
553 4574 706 4630 secundum.

276 4659 314 4728 ¹²)
333 4662 397 4716 (iod.
415 4663 441 4714 12
459 4668 649 4745 computantur.
746 4697 748 4703 ,

246 4749 320 4822 ¹¹⁸),
336 4750 400 4804 cod
419 4755 444 4804 1:
463 4756 512 4806 est
