3458 5270
230 195 235 216 N
260 229 338 310 258
544 227 715 302 ammam,
731 227 860 286 iiamait
877 229 925 290 tea
941 227 1078 286 taratara
1095 239 1147 285 rar
1162 225 1249 285 Perta.

322 479 324 484 .
349 425 383 491 iu
398 429 488 493 tertia
503 441 612 510 genem
624 424 760 511 euinque
775 423 863 492 tuate
877 427 922 490 aia
944 427 1190 510 computabantur
1205 421 1240 512 ¹)
1261 423 1389 510 maiae:
1410 426 1531 494 reiiatee

262 531 387 597 uiuam
409 533 534 598 irruam
556 542 627 598 aaut
649 538 680 598 iu
703 537 798 616 prima
827 531 920 615 graia
949 529 1072 598 sarmit
1101 537 1236 617 generis,
1269 554 1342 618 erga
1371 537 1419 599 vir
1447 539 1534 600 uniar

261 639 382 704 reliatae
412 657 478 704 rum
507 638 623 723 reliqua
654 649 702 705 eat
723 643 754 703 in
777 644 875 723 primo
897 637 991 723 grain
1013 641 1094 704 tertii
1116 645 1244 722 gerarte,
1268 642 1429 706 seruatum
1450 639 1532 706 iiiam

261 745 412 828 regaturne
434 763 567 828 peraeae
587 741 688 811 addita
710 746 854 830 perronae
876 767 931 829 per
952 747 1052 811 aurata
1075 747 1211 830 rapulam
1234 756 1290 813 eta.

298 883 301 892 ·
344 873 506 942 'Saturius
536 873 646 956 gradum
669 873 793 939 aeaaudi
815 877 933 956 generis
957 882 1003 938 eat
1025 871 1103 939 iuter
1123 869 1245 938 reiiataa
1262 867 1292 952 ²)
1315 869 1442 936 tiliorum
1464 871 1531 937 ira·

262 986 358 1055 trum,
390 999 463 1063 erga
485 979 632 1045 aeauudaa
661 978 773 1063 graiae
795 981 876 1045 tertii
899 977 1019 1064 grueria
1037 976 1065 1056 8)
1089 987 1133 1044 ert
1154 983 1232 1043 iuter
1253 981 1349 1043 viram
1372 980 1458 1044 unius
1479 1000 1532 1044 re-

265 1079 352 1149 iirtae
375 1093 405 1150 et
430 1085 582 1170 reliquam.

348 1207 447 1274 Simili
475 1211 565 1276 moda
596 1208 842 1293 eomputebuntur
869 1207 979 1291 gratim
1000 1228 1040 1274 ex
1062 1228 1119 1272 uae
1136 1215 1255 1273 tantum
1277 1216 1372 1292 parte,
1394 1226 1532 1274 reaurra-

264 1323 314 1381 tur
336 1321 416 1382 enim
438 1317 475 1381 ad
498 1318 660 1388 aeamdum
683 1333 792 1397 genua,
831 1323 861 1380 et
888 1321 937 1400 qui
959 1317 1071 1398 gretiam
1093 1318 1202 1380 aritia
1225 1315 1355 1379 secando
1377 1314 1454 1380 idem
1477 1319 1534 1381 erit

261 1419 292 1485 iu
316 1427 420 1496 tertia,
458 1422 559 1487 addita
580 1439 710 1504 pereaau
731 1440 875 1503 perronae
897 1441 952 1504 per
974 1423 1071 1486 carnia
1096 1419 1241 1506 rapulam.
1342 1481 1347 1486 .

352 1547 420 1611 Jam
449 1565 526 1611 rana
555 1543 592 1610 de
622 1545 766 1612 aiiiuitate
794 1565 867 1629 qaae
894 1537 1153 1629 eonaahitur'per
1174 1544 1401 1612 carrubiuetum
1422 1545 1536 1632 aliquid

266 1651 408 1719 dicamas.
453 1650 610 1716 Sciendum
639 1654 755 1736 itaque,
793 1650 871 1734 qaed
899 1652 977 1717 aiaat
1006 1653 1190 1718 aoaaaiitm·
1219 1653 1348 1717 aitiaitae
1377 1671 1431 1734 per
1457 1671 1534 1717 eoa-

261 1756 395 1845 jugaiem
419 1759 542 1838 auitum,
573 1759 618 1848 aia
646 1765 676 1821 at
705 1777 760 1841 per
789 1759 1012 1822 aenaubiuriem
1029 1754 1072 1843 ⁴).
1117 1760 1200 1825 Siaat
1227 1762 1306 1823 euim
1335 1779 1411 1824 uxor
1432 1760 1534 1824 iratria

261 1869 321 1932 mei
343 1873 388 1930 eat
410 1866 484 1928 mitri
505 1868 537 1928 in
559 1866 658 1948 primo
680 1882 790 1948 genere
812 1873 843 1928 et
864 1869 895 1928 ia
918 1868 1015 1948 primo
1038 1866 1142 1948 gradu,
1164 1870 1211 1932 aia
1225 1873 1255 1932 et
1269 1864 1533 1953 aoaauimeejur-

265 1973 345 2052 dem,
368 1979 400 2036 ut
422 1972 540 2038 XXXV.
564 1992 609 2056 qu.
634 1978 655 2038 3
677 1969 716 2036 rie
737 1972 877 2053 incertia,
898 1990 955 2037 aec
977 1991 1045 2038 eam
1062 1971 1105 2055 5),
1127 1981 1156 2038 et
1178 1992 1219 2038 ex
1241 1973 1361 2039 deareta
1382 1971 1536 2038 Beaeiirti

261 2097 355 2161 papae
386 2081 482 2155 paleae
514 2077 662 2142 Gradeuai
683 2075 868 2160 patriarchae
892 2079 971 2162 quai
993 2083 1039 2144 aia
1061 2073 1181 2162 iae'ipitz
1213 2077 1265 2146 aa
1286 2077 1413 2146 divinae
1431 2078 1467 2158 ⁶).
1483 2077 1537 2146 aii

54 2213 59 2223 ·
184 2245 187 2254 ,
262 2185 349 2260 dicit,
371 2184 449 2269 quod
471 2181 606 2250 arculam
620 2181 740 2254 ‚mitam
760 2185 848 2266 parti
866 2186 1124 2272 propinquitatem
1146 2189 1321 2271 semitae.

350 2307 537 2392 Relinquitur
557 2329 641 2392 erga,
664 2310 706 2374 ibi
727 2309 792 2374 fieri
814 2313 1079 2394 propinquitatem,
1099 2309 1262 2394 ubieunque
1276 2309 1364 2374 inerit
1376 2303 1537 2392 'angatub

263 2417 437 2508 aemmixtio
459 2435 515 2499 per
536 2415 646 2484 auitam
675 2414 767 2484 maria
790 2425 821 2480 et
848 2414 987 2494 feminae,
1019 2418 1084 2481 aive
1113 2413 1164 2481 iiie
1192 2419 1288 2481 uaitua
1314 2414 1403 2481 tuerit
1430 2415 1537 2498 legiti-

263 2542 340 2598 mua,
363 2523 428 2588 eive
450 2521 631 2590 iornieariue
647 2518 690 2610 ⁷).
1135 2515 1136 2520 ἵ

353 2644 522 2712 Seruatum
550 2666 624 2729 erga
654 2647 732 2713 iana
760 2645 891 2724 maium,
922 2649 952 2712 ei
978 2644 1086 2730 eliquia
1102 2643 1134 2728 8)
1164 2643 1306 2712 dormirit
1333 2663 1401 2710 aum
1421 2637 1539 2712 auiam

262 2750 435 2826 mulieribus
464 2750 560 2818 irater
587 2755 691 2831 uniar,
727 2753 776 2819 vel
805 2749 886 2818 iiiiua
908 2755 957 2818 vel
972 2737 1087 2837 ¹'aliquia
1106 2754 1236 2818 attiaeua
1259 2755 1312 2818 uni
1333 2771 1435 2818 earum
1457 2752 1536 2816 inira

263 2865 399 2945 quartum
413 2859 539 2942 gratiam
554 2859 588 2946 ⁹)
603 2860 880 2944 aausauguiaitutie‚
902 2859 1076 2944 prohibetur
1091 2862 1225 2941 arripere
1239 2855 1392 2944 reliquam,
1414 2858 1481 2943 qaia
1494 2857 1537 2922 tta

262 2962 371 3060 eat10)
393 2966 522 3034 attritae
544 2966 665 3034 secundi
686 2970 814 3051 generis.
858 2967 934 3031 litae
954 2970 1033 3032 euim
1048 2966 1189 3032 dormisti
1204 2983 1269 3030 aum
1284 2963 1373 3030 Beate
1388 2971 1418 3030 et
1430 2963 1538 3046 meae,

263 3091 319 3155 aga
342 3090 409 3138 aum
431 3076 488 3137 aim
510 3074 605 3138 trater
626 3073 731 3139 Bartae
753 3093 813 3138 aon
835 3093 957 3157 poaaum
981 3077 1115 3158 arripere
1138 3071 1274 3136 Mariam.
1319 3069 1394 3142 tium
1413 3071 1490 3136 euim
1504 3078 1537 3136 ta

268 3178 428 3264 dormieris
445 3175 491 3257 11)
515 3198 581 3244 eum
603 3198 707 3244 rorare
728 3200 794 3244 mea
817 3179 922 3260 Berte,
959 3199 994 3243 aa
1023 3177 1097 3245 mihi
1123 3163 1229 3241 affinia
1251 3175 1281 3240 iu
1311 3177 1538 3260 primageuera

266 3292 295 3350 et
321 3286 419 3369 prime
441 3286 554 3370 graia,
590 3287 684 3369 igitar
710 3287 805 3351 ituria
836 3307 909 3370 qaae
930 3286 1029 3351 addite
1051 3295 1098 3352 eat
1118 3284 1173 3350 tibi
1187 3303 1248 3367 per
1270 3287 1369 3348 earnis
1393 3282 1537 3368 rapulam,

266 3379 391 3456 mutabit
404 3411 508 3474 genua,
531 3391 586 3457 aad
608 3411 669 3456 aaa
692 3392 816 3474 gradum
833 3392 924 3479 juxte
947 3397 1128 3475 aupariorem
1150 3389 1536 3474 reguiam,etiteerit1²)

265 3498 339 3564 milri
361 3498 459 3589 eiiiaia
481 3499 514 3563 ia
536 3498 633 3582 primo
656 3498 752 3582 gradu
773 3496 897 3564 secundi
919 3503 1047 3582 generis.
1533 3503 1535 3508 '

350 3727 374 3796 ¹)
394 3729 459 3782 Cari.
476 3731 516 3781 li:
538 3733 713 3792 computatur.

348 3816 375 3884 ¹)
394 3819 513 3872 Catili:
539 3820 655 3870 reliataa.

348 3906 372 3973 θ)
391 3906 457 3959 Cari.
475 3910 502 3958 1:
522 3910 623 3972 graiae
642 3912 690 3958 eet.

346 3994 374 4062 ⁴)
393 3996 457 4048 Cei.
476 3998 500 4047 1:
520 3983 729 4051 concubinatum.

347 4085 372 4152 5)
395 4100 419 4137 a.
437 4086 454 4138 8
473 4090 499 4137 et
519 4085 557 4138 io.
585 4086 613 4138 c.
631 4085 725 4138 XXXV.
750 4095 794 4150 qa.
816 4081 834 4138 2
858 4075 885 4136 'et
907 4080 935 4140 3.
965 4081 1026 4136 cai.
1051 4083 1081 4136 11.
1107 4088 1183 4137 ‹ieeat
1203 4085 1341 4152 allegatio:
1369 4081 1403 4138 de
1419 4087 1537 4140 incertia.

265 4176 329 4229 eei.
346 4178 369 4228 1.
389 4178 463 4228 deest
480 4178 620 4242 allegatio:
639 4187 691 4228 nec
706 4183 774 4227 eam.

351 4265 375 4332 ⁰)
396 4279 418 4319 a.
440 4265 472 4318 18
491 4265 519 4317 c.
538 4265 656 4316 xxxvn.
677 4279 718 4331 qu.
737 4262 768 4328 ²3
787 4278 809 4315 a.
831 4265 853 4315 1.
874 4263 960 4325 camp.
979 4265 997 4317 i
1018 4257 1116 4328 (im.)

348 4353 373 4420 ⁷)
393 4354 455 4406 Ced.
475 4355 500 4412 1:
520 4355 710 4406 iuruleatleata.

351 4442 377 4508 8)
397 4443 459 4495 cad.
476 4447 502 4495 1:
521 4446 578 4494 aire
597 4448 621 4496 ai
640 4445 744 4509 aliquia.

197 4593 200 4600 ¹
347 4530 373 4596 ⁹)
391 4532 457 4584 cod.
474 4533 501 4584 1:
521 4545 613 4584 aarum
632 4534 660 4582 ia
679 4535 771 4598 quarta
790 4533 883 4598 graia.

337 4618 377 4685 ¹⁰)
394 4621 455 4674 coa
473 4623 511 4674 112
530 4625 608 4675 ineat.

337 4708 375 4776 ²¹)
394 4711 459 4764 Cari.
476 4711 503 4764 1:
526 4710 654 4763 aemma.

338 4798 376 4866 ¹²)
395 4799 455 4854 cari
475 4804 502 4855 1:
521 4803 627 4855 eterit.
