3400 5274
457 189 1164 282 manumittuntur-rouredo.
1317 176 1319 184 ’
1420 215 1446 292 9

175 411 305 476 cutione
313 425 436 475 mentae
458 405 522 474 elro
544 429 563 475 e
583 409 773 476 cohabitione
800 411 902 477 eirea
930 409 1133 478 benedictione
1161 411 1226 476 cire
1253 428 1281 476 e
1293 407 1447 496 conloquio

173 516 239 582 eive
261 537 280 582 e
301 523 467 581 commeatu
489 536 582 601 usque
605 516 674 581 dam
698 521 834 600 peniteet.

253 623 372 690 ·tXXV
395 622 445 688 De
467 641 501 688 eo
524 642 603 707 qaae
624 624 802 704 renitando
831 629 878 693 cot
907 621 1049 690 adodtera
1074 629 1144 706 noct
1162 624 1365 707 penitentiam
1387 643 1448 690 cr-

171 727 334 796 cladaodc‘c
354 733 386 794 et
408 731 584 814 quantitate
603 735 804 814 penitentiae

225 895 230 914 ,
262 837 418 920 Synoduec
441 840 480 904 Ut
508 837 615 904 mulier
642 836 747 925 juncte
778 837 839 906 alio
869 838 933 904 viro
962 856 1054 903 ceuse
1081 836 1220 905 edultcril
1242 839 1448 904 excommunis

105 1034 108 1038 Ι
173 946 226 1011 liet
248 944 409 1021 dilnimue,
433 943 528 1010 donoc
550 947 764 1028 poenitentium
786 951 865 1028 eget,
888 951 917 1010 ct
932 953 1002 1028 post
1016 946 1226 1027 poeniteutiam
1240 947 1449 1010 reconcilietur

173 1057 241 1118 viro
263 1072 331 1118 ouo.

264 1159 411 1223 Patriciae
433 1158 492 1223 eit:
514 1156 557 1223 ,si
580 1155 706 1244 elicujue
729 1177 807 1224 uxor
828 1143 973 1222 iorniceto
995 1157 1086 1223 inerit
1108 1177 1174 1224 cum
1196 1157 1256 1224 elio
1274 1162 1364 1239 miro,
1387 1177 1449 1226 non

173 1267 303 1350 adducet
317 1267 404 1330 aliem
428 1284 553 1330 uxorem
576 1265 714 1349 quamdiu
734 1267 801 1330 rive
823 1265 915 1330 faerit
936 1283 1014 1330 uxor
1035 1267 1142 1348 prime.
1166 1268 1199 1330 Si
1213 1267 1290 1331 forte
1303 1285 1450 1333 converse

174 1375 275 1456 luerit,
299 1381 328 1438 ct
350 1381 420 1456 eget
440 1372 664 1456 poenitentiam,
698 1371 842 1456 suscipiet
863 1390 946 1437 eemt
977 1380 1007 1436 et
1028 1372 1140 1436 serviet
1161 1372 1190 1462 ei
1212 1373 1352 1459 quamdiu
1382 1378 1451 1439 rire

172 1480 264 1546 luerit
277 1481 308 1545 ln
329 1481 424 1546 ricem
446 1479 581 1556 cucillae,
604 1488 636 1545 et
657 1480 787 1565 peniteat
809 1499 917 1546 ennam
935 1483 1120 1563 integrum
1111 1500 1142 1545 ιι
1164 1501 1241 1565 pone
1264 1490 1294 1546 et
1308 1500 1383 1564 eque
1396 1501 1451 1564 per

176 1606 358 1664 mandarem,
388 1607 444 1652 nec
465 1591 497 1652 in
521 1607 578 1652 uuo
600 1586 677 1654 lecto
699 1595 899 1670 permoneent

266 1695 302 1760 ln
324 1693 385 1759 alio
406 1715 477 1761 vero
499 1694 629 1778 synodo·
660 1695 712 1760 vn
733 1700 820 1760 annin
842 1698 984 1779 peniteat,
1019 1696 1113 1760 tribul
1141 1695 1284 1770 dictricte,
1315 1701 1452 1781 quattuor

174 1807 313 1868 remisse.
337 1801 482 1868 Similiter
502 1805 530 1867 ei
552 1801 659 1867 mulier
681 1803 808 1868 dimione
831 1801 923 1866 luerit
944 1822 963 1864 e
985 1801 1051 1866 viro
1073 1821 1139 1870 suo

264 1909 385 1976 xxvi
407 1907 458 1976 De
485 1930 521 1976 co
551 1929 630 1995 qaae
658 1899 718 1976 ooo
748 1910 838 1976 oadc't
870 1908 913 1976 ad
942 1905 1092 1975 iollam
1070 1910 1198 1990 Jaoenir
1228 1909 1283 1992 qai
1312 1926 1452 1994 moneam

174 2018 266 2085 dolet
285 2037 347 2084 noa
367 2017 432 2084 cili
451 2017 550 2084 addae
571 2012 750 2098 copulatam.

178 2185 181 2189 .
263 2123 334 2192 Lex
355 2126 442 2190 dicite
471 2120 549 2205 Quis
578 2124 667 2188 homo
689 2121 743 2188 ille
773 2123 1017 2205 cui'dieponeate
1040 2129 1088 2188 eet
1110 2141 1188 2188 uxor
1209 2129 1241 2188 et
1260 2140 1323 2188 non
1344 2121 1453 2206 accipit

174 2251 243 2299 cem
266 2233 380 2298 edlauci
414 2232 513 2300 Vedet
534 2241 564 2297 et
593 2237 761 2297 revomant
782 2235 814 2296 in
835 2229 955 2296 domum
977 2249 1072 2312 ouem,
1094 2250 1133 2296 uo
1153 2231 1233 2296 iorte
1254 2235 1400 2297 morietur
1417 2233 1452 2296 ln

175 2339 267 2418 bello,
290 2348 320 2407 et
341 2341 431 2406 homo
453 2341 532 2405 cliur
554 2339 692 2423 accipiet.

235 2446 400 2516 ·xxvlt.
433 2444 485 2512 Dc
502 2457 547 2512 'eo
577 2466 635 2531 qoc
662 2465 723 2510 ooo
750 2452 841 2512 aocet
869 2446 969 2512 ciram
997 2447 1125 2531 taoqere
1152 2463 1276 2512 oaorem
1305 2463 1392 2510 raam
1422 2446 1456 2510 ci

176 2554 301 2622 mactat
323 2573 390 2620 cam
411 2556 446 2622 ta
468 2551 633 2622 adulterio.
659 2553 745 2620 Unde
764 2553 925 2620 octoadem
939 2555 996 2630 cat,
1019 2571 1077 2636 qao
1091 2571 1150 2619 ooo
1165 2555 1253 2620 aocet
1266 2551 1453 2620 cohabitatio

176 2683 246 2732 eum
263 2663 439 2745 peccatore,
460 2665 495 2727 ra·
513 2661 678 2748 ignoratur
697 2665 856 2742 peccatam
877 2661 954 2742 ejas.

240 2813 243 2822 ·
265 2771 434 2836 Hieremien
456 2770 515 2836 eltc
543 2768 592 2836 Ad
613 2776 761 2853 metemur
784 2767 922 2851 engolum
944 2771 1081 2852 permitto
1104 2769 1187 2848 milri,
1209 2768 1338 2849 domine,
1361 2785 1454 2852 peuce

177 2885 212 2944 ut
235 2880 426 2961 interrogem·
439 2885 479 2942 te.
510 2877 545 2943 di
567 2895 691 2944 uxorem
714 2877 780 2960 quie
809 2876 916 2942 hebeat
943 2874 1026 2940 domi
1053 2876 1179 2951 idelcm.
1211 2883 1242 2942 et
1262 2895 1325 2940 cem
1348 2882 1454 2960 poetae

153 2980 347 3062 ¹adulteram
361 2985 595 3068 deprehenderit,
620 3004 738 3068 quaero,
761 3002 798 3048 en
821 2990 924 3066 peccet
944 2984 1002 3063 ric,
1025 2986 1054 3047 el
1076 3001 1142 3046 cum
1164 2982 1291 3059 illoliet.
1321 2985 1360 3049 Et
1374 2984 1454 3050 dixit

176 3092 268 3158 miii:
290 3089 439 3174 Quamdiu
461 3092 601 3158 dilectam
623 3089 703 3158 illiue
723 3110 784 3168 non
806 3093 989 3172 cognoverit,
1011 3107 1071 3156 eon
1093 3094 1236 3174 peccavit.
1258 3088 1402 3156 Similiter
1423 3095 1454 3156 et

177 3196 293 3266 mulier.
323 3201 358 3266 Si
379 3219 451 3266 vero
474 3202 688 3285 poenitentium
716 3218 777 3264 non
805 3199 941 3282 gennerit,
970 3195 1023 3262 red
1051 3201 1084 3264 in
1113 3217 1168 3263 sue
1194 3197 1325 3282 nequitia
1351 3203 1454 3280 enemo

177 3305 304 3392 publico,
326 3311 570 3390 perseverovonie
604 3307 790 3392 delinquatur
812 3309 869 3386 vir,
893 3307 922 3370 ‘el
944 3324 1011 3371 oum
1032 3323 1068 3370 ee
1089 3305 1179 3387 rivet,
1200 3314 1231 3397 et
1253 3304 1281 3370 ei
1303 3307 1453 3388 particeps

177 3415 379 3482 conscicntieo
400 3411 460 3480 let
1036 3500 1038 3504 ι

267 3523 333 3606 Ego
356 3520 435 3588 dixi:
451 3518 538 3603 ¹Quid
560 3521 649 3586 ieciet
670 3518 805 3602 maritus,
826 3523 854 3585 ei
876 3540 955 3587 uxor
976 3522 1009 3586 iu
1024 3520 1128 3586 eodem
1144 3517 1215 3585 vitio
1233 3519 1454 3612 pcrmeuscrlt?

178 3627 234 3695 llle
248 3633 344 3713 inquit
358 3628 448 3695 mihic
470 3629 609 3696 Dimittat
622 3647 697 3705 cem,
719 3633 836 3712 etipse
858 3628 1016 3703 contineeto
1038 3628 1076 3693 lit
1098 3647 1154 3710 ego
1177 3626 1260 3692 dixic
1282 3629 1314 3692 st
1330 3625 1455 3692 dimlroo

178 3735 233 3802 ille
254 3734 430 3802 adulterium
449 3736 584 3816 duxerit,
606 3744 637 3801 et
656 3722 765 3819 posteo
786 3739 881 3819 egerit
902 3734 1095 3824 penitentium
1117 3742 1148 3800 et
1163 3736 1200 3798 ed
1215 3737 1353 3799 meritam
1367 3754 1454 3799 ruam

180 3848 292 3910 reverti
305 3842 442 3924 voluerit,
466 3852 561 3910 utrum
576 3843 615 3908 eb
633 3861 668 3908 co
690 3846 822 3926 recipiet,
845 3863 882 3906 en
904 3842 988 3907 non?
1010 3843 1050 3915 Et
1072 3839 1150 3906 dixit
1171 3842 1259 3904 milit
1281 3843 1314 3906 Si
1336 3847 1453 3923 recepte

179 3971 244 4018 uon
269 3952 370 4033 luerit,
401 3959 506 4036 peccet
528 3950 652 4016 meritur
674 3957 705 4014 et
735 3950 848 4032 grende
877 3953 909 4014 in
931 3969 965 4014 ee
988 3950 1126 4016 delictum
1150 3949 1325 4013 committite
1355 3951 1454 4012 omnic

179 4061 259 4124 enim
283 4062 333 4144 qui
354 4065 544 4144 poeoniorum
564 4057 686 4122 cuorum
702 4054 895 4140 penitentiam
910 4060 974 4139 egit
991 4057 1107 4120 venium
1123 4053 1235 4138 recipit.
1259 4054 1342 4120 Haeo
1356 4061 1453 4120 eutem

180 4167 318 4236 doctrine
339 4165 492 4250 proedicto
514 4167 680 4232 communio
703 4171 833 4230 cottum
856 4163 921 4229 niro
944 4184 1029 4250 quem
1052 4161 1177 4228 mulieri.

269 4273 417 4342 xxviii
451 4269 502 4338 Dc
531 4291 566 4338 eo
597 4289 676 4356 qaae
701 4289 760 4337 ooo
797 4268 851 4402 dol
835 4270 884 4338 dcl
915 4272 1023 4353 frater
1051 4271 1100 4336 irc
1127 4271 1161 4336 ia
1190 4267 1306 4336 tiorum
1333 4270 1455 4351 fratoo'e

178 4379 333 4464 defuncti.

273 4487 412 4570 synodus
433 4485 605 4556 emiliensis
627 4487 679 4569 nit,
707 4506 746 4554 ue
767 4492 921 4570 superstes
942 4483 1038 4550 irater
1059 4485 1177 4552 thorum
1200 4485 1330 4552 defuncti
1350 4483 1454 4550 iretrie

181 4596 340 4662 escendat:
363 4593 392 4659 ei
414 4596 493 4660 cuim
514 4595 571 4660 loc
586 4595 700 4676 iecerit,
723 4597 1003 4660 excommunicetur.
1176 4655 1182 4662 .

271 4703 404 4770 Romani.
414 4701 531 4780 dicente
554 4702 713 4785 Superrtee
723 4702 819 4768 irater
831 4701 951 4768 tinorum
965 4701 1070 4768 ireteie
1085 4701 1215 4769 aermon
1228 4719 1289 4766 non
1303 4698 1455 4776 moeodet,

178 4809 299 4878 dicente
309 4809 445 4878 domino:
460 4809 553 4880 Ειιιιι
565 4808 625 4876 duo
636 4810 667 4876 in
679 4827 769 4878 carue
781 4827 848 4880 unct
866 4806 947 4892 Ergo
963 4809 1159 4878 exoriretur
1174 4812 1217 4876 tui
1231 4827 1321 4876 coron
1334 4813 1385 4874 tue
1399 4813 1453 4873 ert.
