3400 5274
229 219 258 298 6
514 215 687 290 morene,
702 215 832 276 meruit
847 219 896 276 tes
913 215 1051 292 tetum
1067 225 1124 280 soux
1137 215 1229 288 letto

319 413 385 484 Vll·
418 411 471 483 ne
492 433 528 482 eu
551 435 608 502 pue
629 414 798 484 nuendum
820 420 870 483 eet
891 399 1078 486 udulterr'nor
1099 415 1193 486 stiunt
1212 415 1247 485 t's
1267 414 1414 505 1⁴93an
1433 436 1511 488 eun-

225 521 340 612 Μίδα.

317 630 603 714 Hieronymus’eitt
632 633 665 698 lo
697 629 836 719 eonjugio
868 631 1004 717 legitime
1035 632 1212 703 adulterium
1243 632 1415 716 ostendum,
1447 651 1509 701 non

232 745 373 824 quontmn
394 736 535 806 volentes
559 736 719 821 expetierit
741 738 796 804 sed
819 746 917 806 temon
939 738 1045 806 modus
1068 747 1190 808 neturus
1217 747 1247 807 et
1269 757 1359 808 tsest
1380 741 1511 824 posteri-

230 847 304 913 tstis
326 847 530 930 postulaverit.
568 846 608 914 Et
629 864 690 910 non
711 847 782 913 linet
803 850 832 911 ei
860 845 969 914 bebere
990 845 1082 923 ellsrn
1104 854 1223 931 prestes
1253 866 1337 916 suern
1370 867 1512 918 uxorsmt

232 957 262 1025 si
279 956 358 1020 enim
372 955 516 1028 hebuerit,
532 971 595 1018 non
609 955 667 1018 erit
681 953 764 1018 linito
778 974 850 1040 quoe
862 957 943 1020 lloits
958 955 1024 1021 suit
1047 953 1157 1022 Paulus
1169 959 1228 1022 sit:
1251 974 1339 1023 omne
1361 964 1513 1039 petentum

233 1081 435 1148 qnueoumque
448 1060 537 1127 bomo
554 1059 659 1125 feeerit
674 1068 760 1126 extro
776 1054 886 1146 eorpus
901 1069 955 1130 est.
978 1058 1332 1143 Quartentornnrne,
1345 1065 1513 1145 interposi

233 1190 318 1242 tuum
347 1175 462 1256 peocot,
500 1168 559 1232 buo
582 1176 630 1233 est
657 1168 690 1233 in
718 1167 858 1257 conjugio
887 1170 1006 1253 pesitus
1034 1188 1231 1256 quoecumque
1257 1168 1363 1236 feeerit
1391 1179 1515 1253 peooete

234 1297 298 1344 non
326 1277 479 1346 infuscent
508 1293 635 1342 uxorem
664 1280 828 1358 proprian,
865 1279 895 1340 si
925 1284 1022 1352 eutem
1051 1276 1216 1349 luminetur
1244 1276 1334 1352 luerit
1356 1295 1422 1344 outo
1444 1277 1515 1347 eliis

99 1405 111 1414 ’
236 1383 462 1489 meoulsteom,
484 1390 517 1449 ut
539 1401 600 1448 nen
623 1385 666 1448 sit
688 1381 771 1447 linito
793 1381 847 1447 sed
870 1386 954 1468 qussi
976 1380 1118 1464 edulteun.

323 1527 398 1595 vul
428 1523 490 1608 De¹
508 1525 691 1608 tenporibuo
717 1525 753 1590 in
774 1525 884 1610 quibus
905 1545 939 1591 re
960 1527 1118 1592 continere
1138 1525 1247 1594 debent
1268 1509 1290 1592 o
1311 1527 1513 1594 nutrimento.

324 1651 464 1734 Synodus
487 1649 726 1716 llebernensium
748 1651 835 1716 dicit:
858 1650 889 1717 io
911 1651 1008 1734 tribus
1030 1652 1123 1717 xlmis
1145 1655 1225 1728 suot,
1257 1661 1287 1719 et
1309 1651 1341 1717 in
1364 1654 1514 1718 dominioo

239 1769 269 1828 et
296 1762 328 1826 io
354 1758 423 1824 1111·
447 1759 525 1824 teris
553 1767 584 1823 et
605 1759 643 1824 vl
665 1757 740 1824 ferie
762 1757 933 1847 conjugales
957 1763 1106 1826 eontinere
1134 1779 1168 1825 se
1197 1759 1321 1840 debeut3
1358 1763 1430 1825 item
1459 1777 1514 1826 neo

235 1870 298 1934 illis
320 1866 426 1933 diebus
450 1865 584 1951 oopulsri
607 1867 745 1952 quamdin
768 1876 890 1951 grunno
911 1867 1004 1933 tuerit
1025 1887 1113 1948 uxor,
1143 1866 1200 1933 boo
1222 1875 1270 1933 est
1300 1888 1317 1931 n
1347 1887 1404 1953 quo
1434 1865 1516 1934 illos

125 1968 130 1984 '
236 1970 356 2061 (llius)
379 1976 410 2040 in
433 1981 518 2040 utero
539 1973 604 2060 ejus
627 1982 740 2040 motum
756 1973 866 2040 ‘inerit
888 1993 980 2060 usque
1002 1973 1040 2039 sd
1062 1980 1190 2060 portum,
1212 1975 1284 2040 item
1305 1993 1323 2039 s
1344 1981 1430 2059 portu
1443 1981 1517 2059 post

235 2081 358 2150 ffllll
385 2082 452 2147 dies
480 2083 509 2146 st
531 2079 619 2157 filius,
652 2081 681 2146 si
703 2089 799 2148 sutem
821 2081 883 2149 iliu
903 2090 974 2168 post
996 2081 1109 2164 va1;
1144 2087 1216 2149 item
1237 2099 1293 2170 nso
1315 2079 1377 2149 illis
1399 2085 1434 2178 ln
1453 2083 1515 2150 ulio

236 2191 338 2258 bebltu
360 2185 470 2275 oopule
490 2188 600 2254 bebere
621 2189 701 2254 lieet.

327 2333 387 2402 IX.
416 2328 468 2396 De
491 2328 570 2398 niet'r
590 2332 622 2397 et
640 2331 772 2413 feminis
793 2333 828 2396 ἐπ
849 2333 1022 2419 nonjnpt'um
1044 2351 1104 2399 non
1125 2329 1320 2417 recipiendis.

324 2459 509 2544 Augustinus
532 2457 589 2524 nit:
623 2457 743 2526 Uxores
765 2459 857 2525 nolito
879 2459 988 2526 bebere
1009 2459 1091 2534 viros
1113 2480 1237 2545 quorun
1258 2463 1377 2544 priores
1398 2479 1515 2544 oneres

236 2573 320 2635 siunt
334 2565 492 2654 (stennon
507 2564 675 2638 adulterius
689 2567 768 2636 enirn
783 2575 854 2634 sunt
867 2569 928 2635 t'tte
942 2565 1092 2658 conjugis
1108 2569 1173 2636 llos
1187 2565 1269 2634 illem
1285 2567 1427 2648 terniones,
1442 2586 1516 2654 puto

235 2674 377 2745 discussit
405 2693 425 2742 n
452 2673 560 2748 nerito
589 2693 644 2743 suo
674 2681 798 2759 propter
828 2674 982 2759 repudium
1011 2676 1081 2751 lieet
1112 2675 1200 2745 nubis
1228 2674 1335 2750 dueere
1364 2673 1432 2756 slep
1459 2694 1514 2741 eno

236 2783 357 2850 munito.

326 2909 374 2978 X.
397 2905 449 2978 De
476 2907 627 2980 euterun
658 2908 765 2992 opunti
792 2911 825 2976 ot
846 2926 975 2991 spamus
1004 2910 1078 2978 unte
1107 2906 1329 2992 remotionen
1354 2925 1456 2978 eornm
1482 2910 1516 2976 tn

238 3018 417 3106 eonjugium.

329 3146 516 3228 Augustinus
538 3143 597 3209 eit:
630 3139 691 3224 Qut
714 3160 841 3208 uxorem
863 3148 947 3226 optet
974 3139 1122 3226 stelpere,
1151 3144 1230 3206 siout
1256 3137 1338 3204 illem
1368 3139 1516 3222 virgineos

237 3253 373 3320 inveniro
395 3250 553 3326 desideret,
591 3253 635 3316 ite
656 3257 686 3316 et
708 3255 774 3335 ipse
794 3267 886 3334 oeque
914 3249 953 3314 ed
982 3247 1101 3332 nuptlos
1129 3249 1330 3332 virginitatem
1361 3247 1516 3314 enuntiet.

237 3359 390 3444 Quantum
419 3379 509 3444 geue
538 3356 648 3426 molunt
677 3366 726 3424 eet
754 3365 823 3422 ente
852 3357 972 3441 nuptiis
1002 3354 1122 3436 violari,
1155 3363 1187 3424 ut
1217 3373 1305 3440 quum
1335 3353 1373 3419 nd
1395 3355 1516 3439 nuptias

240 3476 360 3548 vsnmm
383 3467 474 3533 inerit
495 3466 731 3533 benedietionem
753 3467 888 3549 snoipere
910 3481 976 3529 on!
999 3481 1114 3547 sponse
1134 3481 1194 3528 non
1216 3470 1373 3537 merentur,
1404 3469 1434 3527 et
1455 3462 1519 3525 im·

242 3578 358 3662 plentur
379 3579 412 3641 in
434 3596 470 3640 eo
494 3574 569 3641 illud
592 3553 776 3658 exemplum
798 3572 894 3637 noluit
909 3568 1140 3646 benedietionern
1163 3579 1192 3635 et
1213 3567 1400 3652 elongabitur
1414 3570 1452 3634 eb
1466 3569 1517 3634 so!

327 3699 403 3767 (lum
425 3700 504 3767 enim
525 3705 573 3766 vir
594 3720 613 3764 e
633 3700 744 3766 virtute
765 3716 872 3763 nomen
895 3693 1012 3779 seolpit,
1036 3703 1067 3761 et
1080 3691 1190 3762 mulier
1203 3693 1235 3761 id
1251 3701 1297 3760 ost
1311 3715 1330 3760 s
1342 3691 1517 3778 fragilitate,

240 3827 381 3895 quaerere
409 3807 475 3897 ejus
503 3806 743 3874 crudelissimum
773 3803 897 3870 bestium
929 3801 1064 3869 libidlnls
1093 3805 1185 3868 lotum
1206 3806 1303 3869 riotus
1327 3798 1417 3880 ondit,
1448 3819 1518 3866 nem

190 3929 192 3933 '
242 3917 380 4005 quioquid
394 3915 460 4006 ejus
477 3916 565 3980 fldem
580 3910 758 3979 ostholioem
770 3909 943 3976 mulieribus
957 3929 1019 3975 non
1033 3908 1112 3985 licet,
1135 3912 1257 3976 omnino
1272 3926 1327 3974 neo
1349 3907 1424 3973 viris
1438 3907 1517 3974 boot,

329 4056 388 4128 Xl·
412 4056 463 4124 De
490 4057 556 4126 uiro
586 4077 645 4127 non
669 4055 872 4142 permittendo
902 4055 937 4120 t'n
957 4049 1122 4140 legitimum
1150 4052 1331 4139 eonjugium,
1364 4055 1397 4120 εἰ
1424 4053 1520 4136 anteo

240 4167 414 4258 comndt'nt't
444 4164 619 4234 muoeluleo·
637 4163 751 4249 fuerit,
782 4161 926 4229 similitor
955 4181 1072 4251 qnoque
1093 4163 1148 4226 boe
1170 4165 1202 4231 et
1223 4157 1347 4227 nubere·
1366 4162 1518 4231 euooent'l.

331 4291 524 4376 Augustinus·
542 4293 601 4359 nit:
633 4288 729 4373 Qunle
751 4298 797 4356 ost
826 4288 905 4372 quod
935 4273 1020 4353 multi
1047 4286 1179 4354 virorum
1211 4295 1280 4353 ente
1302 4289 1421 4370 nuptias
1435 4303 1521 4354 oon-

242 4402 365 4470 oubines
389 4399 450 4464 sibi
471 4399 611 4464 adbibere
632 4416 693 4463 non
716 4395 901 4476 erubeseunt,
931 4415 1005 4480 qens
1026 4403 1099 4479 post
1121 4414 1216 4464 onnes
1239 4395 1400 4476 dimittent,
1422 4402 1453 4462 et
1475 4397 1521 4461 sio

243 4517 348 4596 posteo
363 4507 512 4592 legitimus
535 4524 647 4574 uxores
668 4503 839 4589 seoipiunti
860 4504 946 4575 Unde
968 4521 1066 4584 uorem
1090 4504 1211 4584 dominu
1232 4510 1262 4570 et
1284 4521 1384 4582 uorem
1405 4499 1521 4586 engolis

243 4619 310 4706 ejus
340 4623 434 4682 testor
463 4624 551 4700 etque
578 4614 730 4695 denuntio,
768 4614 854 4678 deum
885 4615 944 4676 ists
965 4607 1106 4698 eonjugin
1127 4629 1246 4694 semper
1267 4609 1468 4694 prohibuisse,
1491 4616 1522 4674 et

244 4745 394 4811 nunquem
422 4724 451 4790 oi
479 4725 635 4810 pleouisst·
669 4721 708 4788 llt
728 4723 902 4806 praeeipune
924 4719 1109 4802 temporibus
1131 4717 1306 4786 obristienis
1339 4716 1521 4810 ooneubinss

243 4833 351 4902 bebere
373 4851 524 4918 nunquam
546 4831 640 4913 linuit,
663 4844 811 4913 nunquam
834 4825 914 4909 lieet,
937 4843 1086 4910 nunquam
1110 4822 1220 4890 lioebit.
